@ARTICLE{adams1987,
       author = {{Adams}, Fred C. and {Lada}, Charles J. and {Shu}, Frank H.},
        title = "{Spectral Evolution of Young Stellar Objects}",
      journal = {\apj},
     keywords = {Pre-Main Sequence Stars, Protostars, Spectral Energy Distribution, Star Formation, Stellar Evolution, Infrared Spectra, Stellar Models, T Tauri Stars, Astrophysics, INFRARED: SOURCES, STARS: FORMATION, STARS: PRE--MAIN-SEQUENCE},
         year = 1987,
        month = jan,
       volume = {312},
        pages = {788},
          doi = {10.1086/164924},
       adsurl = {https://ui.adsabs.harvard.edu/abs/1987ApJ...312..788A},
      adsnote = {Provided by the SAO/NASA Astrophysics Data System}
}

@ARTICLE{sdss9,
       author = {{Ahn}, Christopher P. and {Alexandroff}, Rachael and {Allende Prieto}, Carlos and {Anderson}, Scott F. and {Anderton}, Timothy and {Andrews}, Brett H. and {Aubourg}, {\'E}ric and {Bailey}, Stephen and {Balbinot}, Eduardo and {Barnes}, Rory and {Bautista}, Julian and {Beers}, Timothy C. and {Beifiori}, Alessandra and {Berlind}, Andreas A. and {Bhardwaj}, Vaishali and {Bizyaev}, Dmitry and {Blake}, Cullen H. and {Blanton}, Michael R. and {Blomqvist}, Michael and {Bochanski}, John J. and {Bolton}, Adam S. and {Borde}, Arnaud and {Bovy}, Jo and {Brandt}, W.~N. and {Brinkmann}, J. and {Brown}, Peter J. and {Brownstein}, Joel R. and {Bundy}, Kevin and {Busca}, N.~G. and {Carithers}, William and {Carnero}, Aurelio R. and {Carr}, Michael A. and {Casetti-Dinescu}, Dana I. and {Chen}, Yanmei and {Chiappini}, Cristina and {Comparat}, Johan and {Connolly}, Natalia and {Crepp}, Justin R. and {Cristiani}, Stefano and {Croft}, Rupert A.~C. and {Cuesta}, Antonio J. and {da Costa}, Luiz N. and {Davenport}, James R.~A. and {Dawson}, Kyle S. and {de Putter}, Roland and {De Lee}, Nathan and {Delubac}, Timoth{\'e}e and {Dhital}, Saurav and {Ealet}, Anne and {Ebelke}, Garrett L. and {Edmondson}, Edward M. and {Eisenstein}, Daniel J. and {Escoffier}, S. and {Esposito}, Massimiliano and {Evans}, Michael L. and {Fan}, Xiaohui and {Femen{\'\i}a Castell{\'a}}, Bruno and {Fern{\'a}ndez Alvar}, Emma and {Ferreira}, Leticia D. and {Filiz Ak}, N. and {Finley}, Hayley and {Fleming}, Scott W. and {Font-Ribera}, Andreu and {Frinchaboy}, Peter M. and {Garc{\'\i}a-Hern{\'a}ndez}, D.~A. and {Garc{\'\i}a P{\'e}rez}, A.~E. and {Ge}, Jian and {G{\'e}nova-Santos}, R. and {Gillespie}, Bruce A. and {Girardi}, L{\'e}o and {Gonz{\'a}lez Hern{\'a}ndez}, Jonay I. and {Grebel}, Eva K. and {Gunn}, James E. and {Guo}, Hong and {Haggard}, Daryl and {Hamilton}, Jean-Christophe and {Harris}, David W. and {Hawley}, Suzanne L. and {Hearty}, Frederick R. and {Ho}, Shirley and {Hogg}, David W. and {Holtzman}, Jon A. and {Honscheid}, Klaus and {Huehnerhoff}, J. and {Ivans}, Inese I. and {Ivezi{\'c}}, {\v{Z}}eljko and {Jacobson}, Heather R. and {Jiang}, Linhua and {Johansson}, Jonas and {Johnson}, Jennifer A. and {Kauffmann}, Guinevere and {Kirkby}, David and {Kirkpatrick}, Jessica A. and {Klaene}, Mark A. and {Knapp}, Gillian R. and {Kneib}, Jean-Paul and {Le Goff}, Jean-Marc and {Leauthaud}, Alexie and {Lee}, Khee-Gan and {Lee}, Young Sun and {Long}, Daniel C. and {Loomis}, Craig P. and {Lucatello}, Sara and {Lundgren}, Britt and {Lupton}, Robert H. and {Ma}, Bo and {Ma}, Zhibo and {MacDonald}, Nicholas and {Mack}, Claude E. and {Mahadevan}, Suvrath and {Maia}, Marcio A.~G. and {Majewski}, Steven R. and {Makler}, Martin and {Malanushenko}, Elena and {Malanushenko}, Viktor and {Manchado}, A. and {Mandelbaum}, Rachel and {Manera}, Marc and {Maraston}, Claudia and {Margala}, Daniel and {Martell}, Sarah L. and {McBride}, Cameron K. and {McGreer}, Ian D. and {McMahon}, Richard G. and {M{\'e}nard}, Brice and {Meszaros}, Sz. and {Miralda-Escud{\'e}}, Jordi and {Montero-Dorta}, Antonio D. and {Montesano}, Francesco and {Morrison}, Heather L. and {Muna}, Demitri and {Munn}, Jeffrey A. and {Murayama}, Hitoshi and {Myers}, Adam D. and {Neto}, A.~F. and {Nguyen}, Duy Cuong and {Nichol}, Robert C. and {Nidever}, David L. and {Noterdaeme}, Pasquier and {Nuza}, Sebasti{\'a}n E. and {Ogando}, Ricardo L.~C. and {Olmstead}, Matthew D. and {Oravetz}, Daniel J. and {Owen}, Russell and {Padmanabhan}, Nikhil and {Palanque-Delabrouille}, Nathalie and {Pan}, Kaike and {Parejko}, John K. and {Parihar}, Prachi and {P{\^a}ris}, Isabelle and {Pattarakijwanich}, Petchara and {Pepper}, Joshua and {Percival}, Will J. and {P{\'e}rez-Fournon}, Ismael and {P{\'e}rez-R{\`a}fols}, Ignasi and {Petitjean}, Patrick and {Pforr}, Janine and {Pieri}, Matthew M. and {Pinsonneault}, Marc H. and {Porto de Mello}, G.~F. and {Prada}, Francisco and {Price-Whelan}, Adrian M. and {Raddick}, M. Jordan and {Rebolo}, Rafael and {Rich}, James and {Richards}, Gordon T. and {Robin}, Annie C. and {Rocha-Pinto}, Helio J. and {Rockosi}, Constance M. and {Roe}, Natalie A. and {Ross}, Ashley J. and {Ross}, Nicholas P. and {Rossi}, Graziano and {Rubi{\~n}o-Martin}, J.~A. and {Samushia}, Lado and {Sanchez Almeida}, J. and {S{\'a}nchez}, Ariel G. and {Santiago}, Bas{\'\i}lio and {Sayres}, Conor and {Schlegel}, David J. and {Schlesinger}, Katharine J. and {Schmidt}, Sarah J. and {Schneider}, Donald P. and {Schultheis}, Mathias and {Schwope}, Axel D. and {Sc{\'o}ccola}, C.~G. and {Seljak}, Uros and {Sheldon}, Erin and {Shen}, Yue and {Shu}, Yiping and {Simmerer}, Jennifer and {Simmons}, Audrey E. and {Skibba}, Ramin A. and {Skrutskie}, M.~F. and {Slosar}, A. and {Sobreira}, Flavia and {Sobeck}, Jennifer S. and {Stassun}, Keivan G. and {Steele}, Oliver and {Steinmetz}, Matthias and {Strauss}, Michael A. and {Streblyanska}, Alina and {Suzuki}, Nao and {Swanson}, Molly E.~C. and {Tal}, Tomer and {Thakar}, Aniruddha R. and {Thomas}, Daniel and {Thompson}, Benjamin A. and {Tinker}, Jeremy L. and {Tojeiro}, Rita and {Tremonti}, Christy A. and {Vargas Maga{\~n}a}, M. and {Verde}, Licia and {Viel}, Matteo and {Vikas}, Shailendra K. and {Vogt}, Nicole P. and {Wake}, David A. and {Wang}, Ji and {Weaver}, Benjamin A. and {Weinberg}, David H. and {Weiner}, Benjamin J. and {West}, Andrew A. and {White}, Martin and {Wilson}, John C. and {Wisniewski}, John P. and {Wood-Vasey}, W.~M. and {Yanny}, Brian and {Y{\`e}che}, Christophe and {York}, Donald G. and {Zamora}, O. and {Zasowski}, Gail and {Zehavi}, Idit and {Zhao}, Gong-Bo and {Zheng}, Zheng and {Zhu}, Guangtun and {Zinn}, Joel C.},
        title = "{The Ninth Data Release of the Sloan Digital Sky Survey: First Spectroscopic Data from the SDSS-III Baryon Oscillation Spectroscopic Survey}",
      journal = {\apjs},
     keywords = {atlases, catalogs, surveys, Astrophysics - Instrumentation and Methods for Astrophysics, Astrophysics - Cosmology and Nongalactic Astrophysics},
         year = 2012,
        month = dec,
       volume = {203},
       number = {2},
          eid = {21},
        pages = {21},
          doi = {10.1088/0067-0049/203/2/21},
archivePrefix = {arXiv},
       eprint = {1207.7137},
 primaryClass = {astro-ph.IM},
       adsurl = {https://ui.adsabs.harvard.edu/abs/2012ApJS..203...21A},
      adsnote = {Provided by the SAO/NASA Astrophysics Data System}
}

@ARTICLE{sdss12,
       author = {{Alam}, Shadab and {Albareti}, Franco D. and {Allende Prieto}, Carlos and {Anders}, F. and {Anderson}, Scott F. and {Anderton}, Timothy and {Andrews}, Brett H. and {Armengaud}, Eric and {Aubourg}, {\'E}ric and {Bailey}, Stephen and {Basu}, Sarbani and {Bautista}, Julian E. and {Beaton}, Rachael L. and {Beers}, Timothy C. and {Bender}, Chad F. and {Berlind}, Andreas A. and {Beutler}, Florian and {Bhardwaj}, Vaishali and {Bird}, Jonathan C. and {Bizyaev}, Dmitry and {Blake}, Cullen H. and {Blanton}, Michael R. and {Blomqvist}, Michael and {Bochanski}, John J. and {Bolton}, Adam S. and {Bovy}, Jo and {Shelden Bradley}, A. and {Brandt}, W.~N. and {Brauer}, D.~E. and {Brinkmann}, J. and {Brown}, Peter J. and {Brownstein}, Joel R. and {Burden}, Angela and {Burtin}, Etienne and {Busca}, Nicol{\'a}s G. and {Cai}, Zheng and {Capozzi}, Diego and {Carnero Rosell}, Aurelio and {Carr}, Michael A. and {Carrera}, Ricardo and {Chambers}, K.~C. and {Chaplin}, William James and {Chen}, Yen-Chi and {Chiappini}, Cristina and {Chojnowski}, S. Drew and {Chuang}, Chia-Hsun and {Clerc}, Nicolas and {Comparat}, Johan and {Covey}, Kevin and {Croft}, Rupert A.~C. and {Cuesta}, Antonio J. and {Cunha}, Katia and {da Costa}, Luiz N. and {Da Rio}, Nicola and {Davenport}, James R.~A. and {Dawson}, Kyle S. and {De Lee}, Nathan and {Delubac}, Timoth{\'e}e and {Deshpande}, Rohit and {Dhital}, Saurav and {Dutra-Ferreira}, Let{\'\i}cia and {Dwelly}, Tom and {Ealet}, Anne and {Ebelke}, Garrett L. and {Edmondson}, Edward M. and {Eisenstein}, Daniel J. and {Ellsworth}, Tristan and {Elsworth}, Yvonne and {Epstein}, Courtney R. and {Eracleous}, Michael and {Escoffier}, Stephanie and {Esposito}, Massimiliano and {Evans}, Michael L. and {Fan}, Xiaohui and {Fern{\'a}ndez-Alvar}, Emma and {Feuillet}, Diane and {Filiz Ak}, Nurten and {Finley}, Hayley and {Finoguenov}, Alexis and {Flaherty}, Kevin and {Fleming}, Scott W. and {Font-Ribera}, Andreu and {Foster}, Jonathan and {Frinchaboy}, Peter M. and {Galbraith-Frew}, J.~G. and {Garc{\'\i}a}, Rafael A. and {Garc{\'\i}a-Hern{\'a}ndez}, D.~A. and {Garc{\'\i}a P{\'e}rez}, Ana E. and {Gaulme}, Patrick and {Ge}, Jian and {G{\'e}nova-Santos}, R. and {Georgakakis}, A. and {Ghezzi}, Luan and {Gillespie}, Bruce A. and {Girardi}, L{\'e}o and {Goddard}, Daniel and {Gontcho}, Satya Gontcho A. and {Gonz{\'a}lez Hern{\'a}ndez}, Jonay I. and {Grebel}, Eva K. and {Green}, Paul J. and {Grieb}, Jan Niklas and {Grieves}, Nolan and {Gunn}, James E. and {Guo}, Hong and {Harding}, Paul and {Hasselquist}, Sten and {Hawley}, Suzanne L. and {Hayden}, Michael and {Hearty}, Fred R. and {Hekker}, Saskia and {Ho}, Shirley and {Hogg}, David W. and {Holley-Bockelmann}, Kelly and {Holtzman}, Jon A. and {Honscheid}, Klaus and {Huber}, Daniel and {Huehnerhoff}, Joseph and {Ivans}, Inese I. and {Jiang}, Linhua and {Johnson}, Jennifer A. and {Kinemuchi}, Karen and {Kirkby}, David and {Kitaura}, Francisco and {Klaene}, Mark A. and {Knapp}, Gillian R. and {Kneib}, Jean-Paul and {Koenig}, Xavier P. and {Lam}, Charles R. and {Lan}, Ting-Wen and {Lang}, Dustin and {Laurent}, Pierre and {Le Goff}, Jean-Marc and {Leauthaud}, Alexie and {Lee}, Khee-Gan and {Lee}, Young Sun and {Licquia}, Timothy C. and {Liu}, Jian and {Long}, Daniel C. and {L{\'o}pez-Corredoira}, Mart{\'\i}n and {Lorenzo-Oliveira}, Diego and {Lucatello}, Sara and {Lundgren}, Britt and {Lupton}, Robert H. and {Mack}, Claude E., III and {Mahadevan}, Suvrath and {Maia}, Marcio A.~G. and {Majewski}, Steven R. and {Malanushenko}, Elena and {Malanushenko}, Viktor and {Manchado}, A. and {Manera}, Marc and {Mao}, Qingqing and {Maraston}, Claudia and {Marchwinski}, Robert C. and {Margala}, Daniel and {Martell}, Sarah L. and {Martig}, Marie and {Masters}, Karen L. and {Mathur}, Savita and {McBride}, Cameron K. and {McGehee}, Peregrine M. and {McGreer}, Ian D. and {McMahon}, Richard G. and {M{\'e}nard}, Brice and {Menzel}, Marie-Luise and {Merloni}, Andrea and {M{\'e}sz{\'a}ros}, Szabolcs and {Miller}, Adam A. and {Miralda-Escud{\'e}}, Jordi and {Miyatake}, Hironao and {Montero-Dorta}, Antonio D. and {More}, Surhud and {Morganson}, Eric and {Morice-Atkinson}, Xan and {Morrison}, Heather L. and {Mosser}, Ben{\^o}it and {Muna}, Demitri and {Myers}, Adam D. and {Nandra}, Kirpal and {Newman}, Jeffrey A. and {Neyrinck}, Mark and {Nguyen}, Duy Cuong and {Nichol}, Robert C. and {Nidever}, David L. and {Noterdaeme}, Pasquier and {Nuza}, Sebasti{\'a}n E. and {O'Connell}, Julia E. and {O'Connell}, Robert W. and {O'Connell}, Ross and {Ogando}, Ricardo L.~C. and {Olmstead}, Matthew D. and {Oravetz}, Audrey E. and {Oravetz}, Daniel J. and {Osumi}, Keisuke and {Owen}, Russell and {Padgett}, Deborah L. and {Padmanabhan}, Nikhil and {Paegert}, Martin and {Palanque-Delabrouille}, Nathalie and {Pan}, Kaike and {Parejko}, John K. and {P{\^a}ris}, Isabelle and {Park}, Changbom and {Pattarakijwanich}, Petchara and {Pellejero-Ibanez}, M. and {Pepper}, Joshua and {Percival}, Will J. and {P{\'e}rez-Fournon}, Ismael and {P{\'e}rez-R{\`a}fols}, Ignasi and {Petitjean}, Patrick and {Pieri}, Matthew M. and {Pinsonneault}, Marc H. and {Porto de Mello}, Gustavo F. and {Prada}, Francisco and {Prakash}, Abhishek and {Price-Whelan}, Adrian M. and {Protopapas}, Pavlos and {Raddick}, M. Jordan and {Rahman}, Mubdi and {Reid}, Beth A. and {Rich}, James and {Rix}, Hans-Walter and {Robin}, Annie C. and {Rockosi}, Constance M. and {Rodrigues}, Tha{\'\i}se S. and {Rodr{\'\i}guez-Torres}, Sergio and {Roe}, Natalie A. and {Ross}, Ashley J. and {Ross}, Nicholas P. and {Rossi}, Graziano and {Ruan}, John J. and {Rubi{\~n}o-Mart{\'\i}n}, J.~A. and {Rykoff}, Eli S. and {Salazar-Albornoz}, Salvador and {Salvato}, Mara and {Samushia}, Lado and {S{\'a}nchez}, Ariel G. and {Santiago}, Bas{\'\i}lio and {Sayres}, Conor and {Schiavon}, Ricardo P. and {Schlegel}, David J. and {Schmidt}, Sarah J. and {Schneider}, Donald P. and {Schultheis}, Mathias and {Schwope}, Axel D. and {Sc{\'o}ccola}, C.~G. and {Scott}, Caroline and {Sellgren}, Kris and {Seo}, Hee-Jong and {Serenelli}, Aldo and {Shane}, Neville and {Shen}, Yue and {Shetrone}, Matthew and {Shu}, Yiping and {Silva Aguirre}, V. and {Sivarani}, Thirupathi and {Skrutskie}, M.~F. and {Slosar}, An{\v{z}}e and {Smith}, Verne V. and {Sobreira}, Fl{\'a}via and {Souto}, Diogo and {Stassun}, Keivan G. and {Steinmetz}, Matthias and {Stello}, Dennis and {Strauss}, Michael A. and {Streblyanska}, Alina and {Suzuki}, Nao and {Swanson}, Molly E.~C. and {Tan}, Jonathan C. and {Tayar}, Jamie and {Terrien}, Ryan C. and {Thakar}, Aniruddha R. and {Thomas}, Daniel and {Thomas}, Neil and {Thompson}, Benjamin A. and {Tinker}, Jeremy L. and {Tojeiro}, Rita and {Troup}, Nicholas W. and {Vargas-Maga{\~n}a}, Mariana and {Vazquez}, Jose A. and {Verde}, Licia and {Viel}, Matteo and {Vogt}, Nicole P. and {Wake}, David A. and {Wang}, Ji and {Weaver}, Benjamin A. and {Weinberg}, David H. and {Weiner}, Benjamin J. and {White}, Martin and {Wilson}, John C. and {Wisniewski}, John P. and {Wood-Vasey}, W.~M. and {Ye`che}, Christophe and {York}, Donald G. and {Zakamska}, Nadia L. and {Zamora}, O. and {Zasowski}, Gail and {Zehavi}, Idit and {Zhao}, Gong-Bo and {Zheng}, Zheng and {Zhou}, Xu and {Zhou}, Zhimin and {Zou}, Hu and {Zhu}, Guangtun},
        title = "{The Eleventh and Twelfth Data Releases of the Sloan Digital Sky Survey: Final Data from SDSS-III}",
      journal = {\apjs},
     keywords = {atlases, catalogs, surveys, Astrophysics - Instrumentation and Methods for Astrophysics, Astrophysics - Astrophysics of Galaxies, Astrophysics - Solar and Stellar Astrophysics},
         year = 2015,
        month = jul,
       volume = {219},
       number = {1},
          eid = {12},
        pages = {12},
          doi = {10.1088/0067-0049/219/1/12},
archivePrefix = {arXiv},
       eprint = {1501.00963},
 primaryClass = {astro-ph.IM},
       adsurl = {https://ui.adsabs.harvard.edu/abs/2015ApJS..219...12A},
      adsnote = {Provided by the SAO/NASA Astrophysics Data System}
}

@ARTICLE{alcala2017,
       author = {{Alcal{\'a}}, J.~M. and {Manara}, C.~F. and {Natta}, A. and {Frasca}, A. and {Testi}, L. and {Nisini}, B. and {Stelzer}, B. and {Williams}, J.~P. and {Antoniucci}, S. and {Biazzo}, K. and {Covino}, E. and {Esposito}, M. and {Getman}, F. and {Rigliaco}, E.},
        title = "{X-shooter spectroscopy of young stellar objects in Lupus. Accretion properties of class II and transitional objects}",
      journal = {\aap},
     keywords = {stars: pre-main sequence, stars: low-mass, accretion, accretion disks, open clusters and associations: individual: Lupus, Astrophysics - Solar and Stellar Astrophysics, Astrophysics - Astrophysics of Galaxies},
         year = 2017,
        month = apr,
       volume = {600},
          eid = {A20},
        pages = {A20},
          doi = {10.1051/0004-6361/201629929},
archivePrefix = {arXiv},
       eprint = {1612.07054},
 primaryClass = {astro-ph.SR},
       adsurl = {https://ui.adsabs.harvard.edu/abs/2017A&A...600A..20A},
      adsnote = {Provided by the SAO/NASA Astrophysics Data System}
}


@ARTICLE{allard2001,
       author = {{Allard}, France and {Hauschildt}, Peter H. and {Alexander}, David R. and {Tamanai}, Akemi and {Schweitzer}, Andreas},
        title = "{The Limiting Effects of Dust in Brown Dwarf Model Atmospheres}",
      journal = {\apj},
     keywords = {Stars: Atmospheres, Stars: Fundamental Parameters, Stars: Low-Mass, Brown Dwarfs, Astrophysics},
         year = 2001,
        month = jul,
       volume = {556},
       number = {1},
        pages = {357-372},
          doi = {10.1086/321547},
archivePrefix = {arXiv},
       eprint = {astro-ph/0104256},
 primaryClass = {astro-ph},
       adsurl = {https://ui.adsabs.harvard.edu/abs/2001ApJ...556..357A},
      adsnote = {Provided by the SAO/NASA Astrophysics Data System}
}


@ARTICLE{allard2012,
       author = {{Allard}, F. and {Homeier}, D. and {Freytag}, B.},
        title = "{Models of very-low-mass stars, brown dwarfs and exoplanets}",
      journal = {Philosophical Transactions of the Royal Society of London Series A},
     keywords = {Astrophysics - Solar and Stellar Astrophysics},
         year = 2012,
        month = jun,
       volume = {370},
       number = {1968},
        pages = {2765-2777},
          doi = {10.1098/rsta.2011.0269},
archivePrefix = {arXiv},
       eprint = {1112.3591},
 primaryClass = {astro-ph.SR},
       adsurl = {https://ui.adsabs.harvard.edu/abs/2012RSPTA.370.2765A},
      adsnote = {Provided by the SAO/NASA Astrophysics Data System}
}

@ARTICLE{allard2013,
       author = {{Allard}, F. and {Homeier}, D. and {Freytag}, B.},
        title = "{Atmospheres from very low-mass stars to extrasolar planets.}",
      journal = {\memsai},
     keywords = {Stars: atmospheres, M dwarfs, Brown Dwarfs, Extrasolar Planets},
         year = 2013,
        month = jan,
       volume = {84},
       number = {4},
        pages = {1053},
       adsurl = {https://ui.adsabs.harvard.edu/abs/2013MmSAI..84.1053A},
      adsnote = {Provided by the SAO/NASA Astrophysics Data System}
}

@ARTICLE{alma,
       author = {{ALMA Partnership} and {Brogan}, C.~L. and {P{\'e}rez}, L.~M. and {Hunter}, T.~R. and {Dent}, W.~R.~F. and {Hales}, A.~S. and {Hills}, R.~E. and {Corder}, S. and {Fomalont}, E.~B. and {Vlahakis}, C. and {Asaki}, Y. and {Barkats}, D. and {Hirota}, A. and {Hodge}, J.~A. and {Impellizzeri}, C.~M.~V. and {Kneissl}, R. and {Liuzzo}, E. and {Lucas}, R. and {Marcelino}, N. and {Matsushita}, S. and {Nakanishi}, K. and {Phillips}, N. and {Richards}, A.~M.~S. and {Toledo}, I. and {Aladro}, R. and {Broguiere}, D. and {Cortes}, J.~R. and {Cortes}, P.~C. and {Espada}, D. and {Galarza}, F. and {Garcia-Appadoo}, D. and {Guzman-Ramirez}, L. and {Humphreys}, E.~M. and {Jung}, T. and {Kameno}, S. and {Laing}, R.~A. and {Leon}, S. and {Marconi}, G. and {Mignano}, A. and {Nikolic}, B. and {Nyman}, L. -A. and {Radiszcz}, M. and {Remijan}, A. and {Rod{\'o}n}, J.~A. and {Sawada}, T. and {Takahashi}, S. and {Tilanus}, R.~P.~J. and {Vila Vilaro}, B. and {Watson}, L.~C. and {Wiklind}, T. and {Akiyama}, E. and {Chapillon}, E. and {de Gregorio-Monsalvo}, I. and {Di Francesco}, J. and {Gueth}, F. and {Kawamura}, A. and {Lee}, C. -F. and {Nguyen Luong}, Q. and {Mangum}, J. and {Pietu}, V. and {Sanhueza}, P. and {Saigo}, K. and {Takakuwa}, S. and {Ubach}, C. and {van Kempen}, T. and {Wootten}, A. and {Castro-Carrizo}, A. and {Francke}, H. and {Gallardo}, J. and {Garcia}, J. and {Gonzalez}, S. and {Hill}, T. and {Kaminski}, T. and {Kurono}, Y. and {Liu}, H. -Y. and {Lopez}, C. and {Morales}, F. and {Plarre}, K. and {Schieven}, G. and {Testi}, L. and {Videla}, L. and {Villard}, E. and {Andreani}, P. and {Hibbard}, J.~E. and {Tatematsu}, K.},
        title = "{The 2014 ALMA Long Baseline Campaign: First Results from High Angular Resolution Observations toward the HL Tau Region}",
      journal = {\apjl},
     keywords = {protoplanetary disks, stars: formation, stars: individual: HL Tau, XZ Tau, LkH{\ensuremath{\alpha}}358, submillimeter: planetary systems, techniques: interferometric, Astrophysics - Solar and Stellar Astrophysics},
         year = 2015,
        month = jul,
       volume = {808},
       number = {1},
          eid = {L3},
        pages = {L3},
          doi = {10.1088/2041-8205/808/1/L3},
archivePrefix = {arXiv},
       eprint = {1503.02649},
 primaryClass = {astro-ph.SR},
       adsurl = {https://ui.adsabs.harvard.edu/abs/2015ApJ...808L...3A},
      adsnote = {Provided by the SAO/NASA Astrophysics Data System}
}


@ARTICLE{aoyama2021,
       author = {{Aoyama}, Yuhiko and {Marleau}, Gabriel-Dominique and {Ikoma}, Masahiro and {Mordasini}, Christoph},
        title = "{Comparison of Planetary H{\ensuremath{\alpha}}-emission Models: A New Correlation with Accretion Luminosity}",
      journal = {\apjl},
     keywords = {Scaling relations, Extrasolar gaseous giant planets, Accretion, H I line emission, H alpha photometry, Planet formation, Classical T Tauri stars, 2031, 509, 14, 690, 691, 1241, 252, Astrophysics - Earth and Planetary Astrophysics, Astrophysics - Solar and Stellar Astrophysics},
         year = 2021,
        month = aug,
       volume = {917},
       number = {2},
          eid = {L30},
        pages = {L30},
          doi = {10.3847/2041-8213/ac19bd},
archivePrefix = {arXiv},
       eprint = {2108.01277},
 primaryClass = {astro-ph.EP},
       adsurl = {https://ui.adsabs.harvard.edu/abs/2021ApJ...917L..30A},
      adsnote = {Provided by the SAO/NASA Astrophysics Data System}
}


@ARTICLE{aoyama2020,
       author = {{Aoyama}, Yuhiko and {Marleau}, Gabriel-Dominique and {Mordasini}, Christoph and {Ikoma}, Masahiro},
        title = "{Spectral appearance of the planetary-surface accretion shock: Global spectra and hydrogen-line profiles and fluxes}",
      journal = {arXiv e-prints},
     keywords = {Astrophysics - Earth and Planetary Astrophysics},
         year = 2020,
        month = nov,
          eid = {arXiv:2011.06608},
        pages = {arXiv:2011.06608},
          doi = {10.48550/arXiv.2011.06608},
archivePrefix = {arXiv},
       eprint = {2011.06608},
 primaryClass = {astro-ph.EP},
       adsurl = {https://ui.adsabs.harvard.edu/abs/2020arXiv201106608A},
      adsnote = {Provided by the SAO/NASA Astrophysics Data System}
}

@ARTICLE{aoyama2019,
       author = {{Aoyama}, Yuhiko and {Ikoma}, Masahiro},
        title = "{Constraining Planetary Gas Accretion Rate from H{\ensuremath{\alpha}} Line Width and Intensity: Case of PDS 70 b and c}",
      journal = {\apjl},
     keywords = {Accretion, Shocks, Extrasolar gas giants, Planet formation, Exoplanet formation, H I line emission, Line intensities, 14, 2086, 509, 1241, 492, 690, 2084, Astrophysics - Earth and Planetary Astrophysics},
         year = 2019,
        month = nov,
       volume = {885},
       number = {2},
          eid = {L29},
        pages = {L29},
          doi = {10.3847/2041-8213/ab5062},
archivePrefix = {arXiv},
       eprint = {1909.08175},
 primaryClass = {astro-ph.EP},
       adsurl = {https://ui.adsabs.harvard.edu/abs/2019ApJ...885L..29A},
      adsnote = {Provided by the SAO/NASA Astrophysics Data System}
}

@ARTICLE{aoyama2018,
       author = {{Aoyama}, Yuhiko and {Ikoma}, Masahiro and {Tanigawa}, Takayuki},
        title = "{Theoretical Model of Hydrogen Line Emission from Accreting Gas Giants}",
      journal = {\apj},
     keywords = {accretion, accretion disks, line: formation, planets and satellites: detection, planets and satellites: formation, radiative transfer, Astrophysics - Earth and Planetary Astrophysics},
         year = 2018,
        month = oct,
       volume = {866},
       number = {2},
          eid = {84},
        pages = {84},
          doi = {10.3847/1538-4357/aadc11},
archivePrefix = {arXiv},
       eprint = {1808.06776},
 primaryClass = {astro-ph.EP},
       adsurl = {https://ui.adsabs.harvard.edu/abs/2018ApJ...866...84A},
      adsnote = {Provided by the SAO/NASA Astrophysics Data System}
}

@ARTICLE{asplund2009,
       author = {{Asplund}, Martin and {Grevesse}, Nicolas and {Sauval}, A. Jacques and {Scott}, Pat},
        title = "{The Chemical Composition of the Sun}",
      journal = {\araa},
     keywords = {Astrophysics - Solar and Stellar Astrophysics, Astrophysics - Earth and Planetary Astrophysics},
         year = 2009,
        month = sep,
       volume = {47},
       number = {1},
        pages = {481-522},
          doi = {10.1146/annurev.astro.46.060407.145222},
archivePrefix = {arXiv},
       eprint = {0909.0948},
 primaryClass = {astro-ph.SR},
       adsurl = {https://ui.adsabs.harvard.edu/abs/2009ARA&A..47..481A},
      adsnote = {Provided by the SAO/NASA Astrophysics Data System}
}

@ARTICLE{bailer2021,
       author = {{Bailer-Jones}, C.~A.~L. and {Rybizki}, J. and {Fouesneau}, M. and {Demleitner}, M. and {Andrae}, R.},
        title = "{Estimating Distances from Parallaxes. V. Geometric and Photogeometric Distances to 1.47 Billion Stars in Gaia Early Data Release 3}",
      journal = {\aj},
     keywords = {Catalogs, Galaxy structure, Bayesian statistics, Parallax, Stellar parallax, Photometric parallax, Distance indicators, Astrometry, Markov chain Monte Carlo, Absolute magnitude, 205, 622, 1900, 1197, 1618, 1231, 394, 80, 1889, 10, Astrophysics - Solar and Stellar Astrophysics, Astrophysics - Astrophysics of Galaxies},
         year = 2021,
        month = mar,
       volume = {161},
       number = {3},
          eid = {147},
        pages = {147},
          doi = {10.3847/1538-3881/abd806},
archivePrefix = {arXiv},
       eprint = {2012.05220},
 primaryClass = {astro-ph.SR},
       adsurl = {https://ui.adsabs.harvard.edu/abs/2021AJ....161..147B},
      adsnote = {Provided by the SAO/NASA Astrophysics Data System}
}


@ARTICLE{bayo2008,
       author = {{Bayo}, A. and {Rodrigo}, C. and {Barrado Y Navascu{\'e}s}, D. and {Solano}, E. and {Guti{\'e}rrez}, R. and {Morales-Calder{\'o}n}, M. and {Allard}, F.},
        title = "{VOSA: virtual observatory SED analyzer. An application to the Collinder 69 open cluster}",
      journal = {\aap},
     keywords = {astronomical data bases: miscellaneous, stars: formation, stars: circumstellar matter, stars: low-mass, brown dwarfs, stars: Hertzsprung-Russell (HR) and C-M diagrams, Galaxy: open clusters and associations: individual: Collinder 69, Astrophysics},
         year = 2008,
        month = dec,
       volume = {492},
       number = {1},
        pages = {277-287},
          doi = {10.1051/0004-6361:200810395},
archivePrefix = {arXiv},
       eprint = {0808.0270},
 primaryClass = {astro-ph},
       adsurl = {https://ui.adsabs.harvard.edu/abs/2008A&A...492..277B},
      adsnote = {Provided by the SAO/NASA Astrophysics Data System}
}



@ARTICLE{betti2022,
       author = {{Betti}, S.~K. and {Follette}, K.~B. and {Ward-Duong}, K. and {Aoyama}, Y. and {Marleau}, G. -D. and {Bary}, J. and {Robinson}, C. and {Janson}, M. and {Balmer}, W. and {Chauvin}, G. and {Palma-Bifani}, P.},
        title = "{Near-infrared Accretion Signatures from the Circumbinary Planetary-mass Companion Delorme 1 (AB)b}",
      journal = {\apjl},
     keywords = {Planet formation, Accretion, Stellar accretion disks, 1241, 14, 1579, Astrophysics - Earth and Planetary Astrophysics, Astrophysics - Solar and Stellar Astrophysics},
         year = 2022,
        month = aug,
       volume = {935},
       number = {1},
          eid = {L18},
        pages = {L18},
          doi = {10.3847/2041-8213/ac85ef},
archivePrefix = {arXiv},
       eprint = {2208.05016},
 primaryClass = {astro-ph.EP},
       adsurl = {https://ui.adsabs.harvard.edu/abs/2022ApJ...935L..18B},
      adsnote = {Provided by the SAO/NASA Astrophysics Data System}
}

@ARTICLE{boucher2016,
       author = {{Boucher}, Anne and {Lafreni{\`e}re}, David and {Gagn{\'e}}, Jonathan and {Malo}, Lison and {Faherty}, Jacqueline K. and {Doyon}, Ren{\'e} and {Chen}, Christine H.},
        title = "{BANYAN. VIII. New Low-mass Stars and Brown Dwarfs with Candidate Circumstellar Disks}",
      journal = {\apj},
     keywords = {brown dwarfs, circumstellar matter, infrared: stars, protoplanetary disks, stars: low-mass, Astrophysics - Solar and Stellar Astrophysics},
         year = 2016,
        month = nov,
       volume = {832},
       number = {1},
          eid = {50},
        pages = {50},
          doi = {10.3847/0004-637X/832/1/50},
archivePrefix = {arXiv},
       eprint = {1608.08259},
 primaryClass = {astro-ph.SR},
       adsurl = {https://ui.adsabs.harvard.edu/abs/2016ApJ...832...50B},
      adsnote = {Provided by the SAO/NASA Astrophysics Data System}
}


@ARTICLE{chabrier2000,
       author = {{Chabrier}, G. and {Baraffe}, I. and {Allard}, F. and {Hauschildt}, P.},
        title = "{Deuterium Burning in Substellar Objects}",
      journal = {\apjl},
     keywords = {Stars: Planetary Systems, Stars: Atmospheres, Stars: Evolution, Stars: Interiors, Stars: Low-Mass, Brown Dwarfs, Astrophysics},
         year = 2000,
        month = oct,
       volume = {542},
       number = {2},
        pages = {L119-L122},
          doi = {10.1086/312941},
archivePrefix = {arXiv},
       eprint = {astro-ph/0009174},
 primaryClass = {astro-ph},
       adsurl = {https://ui.adsabs.harvard.edu/abs/2000ApJ...542L.119C},
      adsnote = {Provided by the SAO/NASA Astrophysics Data System}
}


@ARTICLE{close2014,
       author = {{Close}, L.~M. and {Follette}, K.~B. and {Males}, J.~R. and {Puglisi}, A. and {Xompero}, M. and {Apai}, D. and {Najita}, J. and {Weinberger}, A.~J. and {Morzinski}, K. and {Rodigas}, T.~J. and {Hinz}, P. and {Bailey}, V. and {Briguglio}, R.},
        title = "{Discovery of H{\ensuremath{\alpha}} Emission from the Close Companion inside the Gap of Transitional Disk HD 142527}",
      journal = {\apjl},
     keywords = {instrumentation: adaptive optics, open clusters and associations: individual: Sco OB-2 association, planetary systems, planet-disk interactions, stars: individual: HD 142527, Astrophysics - Earth and Planetary Astrophysics},
         year = 2014,
        month = feb,
       volume = {781},
       number = {2},
          eid = {L30},
        pages = {L30},
          doi = {10.1088/2041-8205/781/2/L30},
archivePrefix = {arXiv},
       eprint = {1401.1273},
 primaryClass = {astro-ph.EP},
       adsurl = {https://ui.adsabs.harvard.edu/abs/2014ApJ...781L..30C},
      adsnote = {Provided by the SAO/NASA Astrophysics Data System}
}

dataset
@misc{cutri2003,
       author = {{Cutri}, R.~M. and {Skrutskie}, M.~F. and {van Dyk}, S. and {Beichman}, C.~A. and {Carpenter}, J.~M. and {Chester}, T. and {Cambresy}, L. and {Evans}, T. and {Fowler}, J. and {Gizis}, J. and {Howard}, E. and {Huchra}, J. and {Jarrett}, T. and {Kopan}, E.~L. and {Kirkpatrick}, J.~D. and {Light}, R.~M. and {Marsh}, K.~A. and {McCallon}, H. and {Schneider}, S. and {Stiening}, R. and {Sykes}, M. and {Weinberg}, M. and {Wheaton}, W.~A. and {Wheelock}, S. and {Zacarias}, N.},
        title = "{VizieR Online Data Catalog: 2MASS All-Sky Catalog of Point Sources (Cutri+ 2003)}",
 howpublished = {VizieR On-line Data Catalog: II/246.  Originally published in: 2003yCat.2246....0C},
         year = 2003,
        month = jun,
          eid = {II/246},
       adsurl = {https://ui.adsabs.harvard.edu/abs/2003yCat.2246....0C},
      adsnote = {Provided by the SAO/NASA Astrophysics Data System}
}

dataset
@misc{cutri2021,
       author = {{Cutri}, R.~M. and {Wright}, E.~L. and {Conrow}, T. and {Fowler}, J.~W. and {Eisenhardt}, P.~R.~M. and {Grillmair}, C. and {Kirkpatrick}, J.~D. and {Masci}, F. and {McCallon}, H.~L. and {Wheelock}, S.~L. and {Fajardo-Acosta}, S. and {Yan}, L. and {Benford}, D. and {Harbut}, M. and {Jarrett}, T. and {Lake}, S. and {Leisawitz}, D. and {Ressler}, M.~E. and {Stanford}, S.~A. and {Tsai}, C. -W. and {Liu}, F. and {Helou}, G. and {Mainzer}, A. and {Gettngs}, D. and {Gonzalez}, A. and {Hoffman}, D. and {Marsh}, K.~A. and {Padgett}, D. and {Skrutskie}, M.~F. and {Beck}, R. and {Papin}, M. and {Wittman}, M.},
        title = "{VizieR Online Data Catalog: AllWISE Data Release (Cutri+ 2013)}",
 howpublished = {VizieR On-line Data Catalog: II/328.  Originally published in: IPAC/Caltech (2013)},
         year = 2021,
        month = feb,
          eid = {II/328},
       adsurl = {https://ui.adsabs.harvard.edu/abs/2014yCat.2328....0C},
      adsnote = {Provided by the SAO/NASA Astrophysics Data System}
}

@INPROCEEDINGS{uves,
       author = {{Dekker}, Hans and {D'Odorico}, Sandro and {Kaufer}, Andreas and {Delabre}, Bernard and {Kotzlowski}, Heinz},
        title = "{Design, construction, and performance of UVES, the echelle spectrograph for the UT2 Kueyen Telescope at the ESO Paranal Observatory}",
    booktitle = {Optical and IR Telescope Instrumentation and Detectors},
         year = 2000,
       editor = {{Iye}, Masanori and {Moorwood}, Alan F.},
       series = {Society of Photo-Optical Instrumentation Engineers (SPIE) Conference Series},
       volume = {4008},
        month = aug,
        pages = {534-545},
          doi = {10.1117/12.395512},
       adsurl = {https://ui.adsabs.harvard.edu/abs/2000SPIE.4008..534D},
      adsnote = {Provided by the SAO/NASA Astrophysics Data System}
}

@ARTICLE{demars2023,
       author = {{Demars}, D. and {Bonnefoy}, M. and {Dougados}, C. and {Aoyama}, Y. and {Thanathibodee}, T. and {Marleau}, G. -D. and {Tremblin}, P. and {Delorme}, P. and {Palma-Bifani}, P. and {Petrus}, S. and {Bowler}, B.~P. and {Chauvin}, G. and {Lagrange}, A. -M.},
        title = "{Emission line variability of young 10-30 M$_{Jup}$ companions. I. The case of GQ Lup b and GSC 06214-00210 b}",
      journal = {\aap},
     keywords = {planets and satellites: formation, planets and satellites: individual: GQ Lup b, planets and satellites: individual: GSC 06214-00210 b, accretion, accretion disks, Astrophysics - Earth and Planetary Astrophysics, Astrophysics - Solar and Stellar Astrophysics},
         year = 2023,
        month = aug,
       volume = {676},
          eid = {A123},
        pages = {A123},
          doi = {10.1051/0004-6361/202346221},
archivePrefix = {arXiv},
       eprint = {2305.09460},
 primaryClass = {astro-ph.EP},
       adsurl = {https://ui.adsabs.harvard.edu/abs/2023A&A...676A.123D},
      adsnote = {Provided by the SAO/NASA Astrophysics Data System}
}

@ARTICLE{erikson2020,
       author = {{Eriksson}, Simon C. and {Asensio Torres}, Rub{\'e}n and {Janson}, Markus and {Aoyama}, Yuhiko and {Marleau}, Gabriel-Dominique and {Bonnefoy}, Mickael and {Petrus}, Simon},
        title = "{Strong H{\ensuremath{\alpha}} emission and signs of accretion in a circumbinary planetary mass companion from MUSE}",
      journal = {\aap},
     keywords = {planets and satellites: individual: 2MASS J01033563-5515561 (AB)b (Delorme 1 (AB)b), planetary systems, accretion, accretion disks, stars: low-mass, techniques: imaging spectroscopy, Astrophysics - Earth and Planetary Astrophysics, Astrophysics - Instrumentation and Methods for Astrophysics, Astrophysics - Solar and Stellar Astrophysics},
         year = 2020,
        month = jun,
       volume = {638},
          eid = {L6},
        pages = {L6},
          doi = {10.1051/0004-6361/202038131},
archivePrefix = {arXiv},
       eprint = {2005.11725},
 primaryClass = {astro-ph.EP},
       adsurl = {https://ui.adsabs.harvard.edu/abs/2020A&A...638L...6E},
      adsnote = {Provided by the SAO/NASA Astrophysics Data System}
}


@ARTICLE{gagne2018,
       author = {{Gagn{\'e}}, Jonathan and {Mamajek}, Eric E. and {Malo}, Lison and {Riedel}, Adric and {Rodriguez}, David and {Lafreni{\`e}re}, David and {Faherty}, Jacqueline K. and {Roy-Loubier}, Olivier and {Pueyo}, Laurent and {Robin}, Annie C. and {Doyon}, Ren{\'e}},
        title = "{BANYAN. XI. The BANYAN {\ensuremath{\Sigma}} Multivariate Bayesian Algorithm to Identify Members of Young Associations with 150 pc}",
      journal = {\apj},
     keywords = {brown dwarfs, methods: data analysis, proper motions, stars: kinematics and dynamics, stars: low-mass, Astrophysics - Solar and Stellar Astrophysics},
         year = 2018,
        month = mar,
       volume = {856},
       number = {1},
          eid = {23},
        pages = {23},
          doi = {10.3847/1538-4357/aaae09},
archivePrefix = {arXiv},
       eprint = {1801.09051},
 primaryClass = {astro-ph.SR},
       adsurl = {https://ui.adsabs.harvard.edu/abs/2018ApJ...856...23G},
      adsnote = {Provided by the SAO/NASA Astrophysics Data System}
}

dataset
@misc{gaiaedr3,
       author = {{Gaia Collaboration}},
        title = "{VizieR Online Data Catalog: Gaia DR3 Part 1. Main source (Gaia Collaboration, 2022)}",
 howpublished = {VizieR On-line Data Catalog: I/355.  Originally published in: Astron. Astrophys., in prep. (2022)},
         year = 2022,
        month = may,
          eid = {I/355},
          doi = {10.26093/cds/vizier.1355},
       adsurl = {https://ui.adsabs.harvard.edu/abs/2022yCat.1355....0G},
      adsnote = {Provided by the SAO/NASA Astrophysics Data System}
}


@ARTICLE{gullbring1998,
       author = {{Gullbring}, Erik and {Hartmann}, Lee and {Brice{\~n}o}, Cesar and {Calvet}, Nuria},
        title = "{Disk Accretion Rates for T Tauri Stars}",
      journal = {\apj},
     keywords = {ACCRETION, ACCRETION DISKS, STARS: PRE-MAIN-SEQUENCE, Accretion, Accretion Disks, Stars: Pre-Main-Sequence},
         year = 1998,
        month = jan,
       volume = {492},
       number = {1},
        pages = {323-341},
          doi = {10.1086/305032},
       adsurl = {https://ui.adsabs.harvard.edu/abs/1998ApJ...492..323G},
      adsnote = {Provided by the SAO/NASA Astrophysics Data System}
}


@ARTICLE{haffert2019,
       author = {{Haffert}, S.~Y. and {Bohn}, A.~J. and {de Boer}, J. and {Snellen}, I.~A.~G. and {Brinchmann}, J. and {Girard}, J.~H. and {Keller}, C.~U. and {Bacon}, R.},
        title = "{Two accreting protoplanets around the young star PDS 70}",
      journal = {Nature Astronomy},
     keywords = {Astrophysics - Earth and Planetary Astrophysics},
         year = 2019,
        month = jun,
       volume = {3},
        pages = {749-754},
          doi = {10.1038/s41550-019-0780-5},
archivePrefix = {arXiv},
       eprint = {1906.01486},
 primaryClass = {astro-ph.EP},
       adsurl = {https://ui.adsabs.harvard.edu/abs/2019NatAs...3..749H},
      adsnote = {Provided by the SAO/NASA Astrophysics Data System}
}


@BOOK{hartmann1998,
       author = {{Hartmann}, Lee},
        title = "{Accretion Processes in Star Formation}",
         year = 1998,
publisher = {Cambridge University Press},
       adsurl = {https://ui.adsabs.harvard.edu/abs/1998apsf.book.....H},
      adsnote = {Provided by the SAO/NASA Astrophysics Data System}
}

@ARTICLE{kirkpatrick2005,
       author = {{Kirkpatrick}, J. Davy},
        title = "{New Spectral Types L and T}",
      journal = {\araa},
         year = 2005,
        month = sep,
       volume = {43},
       number = {1},
        pages = {195-245},
          doi = {10.1146/annurev.astro.42.053102.134017},
       adsurl = {https://ui.adsabs.harvard.edu/abs/2005ARA&A..43..195K},
      adsnote = {Provided by the SAO/NASA Astrophysics Data System}
}


@ARTICLE{manara2013,
       author = {{Manara}, C.~F. and {Testi}, L. and {Rigliaco}, E. and {Alcal{\'a}}, J.~M. and {Natta}, A. and {Stelzer}, B. and {Biazzo}, K. and {Covino}, E. and {Covino}, S. and {Cupani}, G. and {D'Elia}, V. and {Randich}, S.},
        title = "{X-shooter spectroscopy of young stellar objects. II. Impact of chromospheric emission on accretion rate estimates}",
      journal = {\aap},
     keywords = {stars: pre-main sequence, stars: low-mass, stars: activity, Astrophysics - Astrophysics of Galaxies, Astrophysics - Solar and Stellar Astrophysics},
         year = 2013,
        month = mar,
       volume = {551},
          eid = {A107},
        pages = {A107},
          doi = {10.1051/0004-6361/201220921},
archivePrefix = {arXiv},
       eprint = {1301.3058},
 primaryClass = {astro-ph.GA},
       adsurl = {https://ui.adsabs.harvard.edu/abs/2013A&A...551A.107M},
      adsnote = {Provided by the SAO/NASA Astrophysics Data System}
}

@ARTICLE{hires,
       author = {{Marconi}, A. and {Abreu}, M. and {Adibekyan}, V. and {Aliverti}, M. and {Allende Prieto}, C. and {Amado}, P. and {Amate}, M. and {Artigau}, E. and {Augusto}, S. and {Barros}, S. and {Becerril}, S. and {Benneke}, B. and {Bergin}, E. and {Berio}, P. and {Bezawada}, N. and {Boisse}, I. and {Bonfils}, X. and {Bouchy}, F. and {Broeg}, C. and {Cabral}, A. and {Calvo-Ortega}, R. and {Canto Martins}, B.~L. and {Chazelas}, B. and {Chiavassa}, A. and {Christensen}, L. and {Cirami}, R. and {Coretti}, I. and {Covino}, S. and {Cresci}, G. and {Cristiani}, S. and {Cunha Parro}, V. and {Cupani}, G. and {de Castro Le{\~a}o}, I. and {Renan de Medeiros}, J. and {Furlande Souza}, M.~A. and {Di Marcantonio}, P. and {Di Varano}, I. and {D'Odorico}, V. and {Doyon}, R. and {Drass}, H. and {Figueira}, P. and {Belen Fragoso}, A. and {Uldall Fynbo}, J.~P. and {Gallo}, E. and {Genoni}, M. and {Gonz{\'a}lez Hern{\'a}ndez}, J. and {Haehnelt}, M. and {Hlavacek-Larrondo}, J. and {Hughes}, I. and {Huke}, P. and {Humphrey}, A. and {Kjeldsen}, H. and {Korn}, A. and {Kouach}, D. and {Landoni}, M. and {Liske}, J. and {Lovis}, C. and {Lunney}, D. and {Maiolino}, R. and {Malo}, L. and {Marquart}, T. and {Martins}, C. and {Mason}, E. and {Molaro}, P. and {Monnier}, J. and {Monteiro}, M. and {Mordasini}, C. and {Morris}, T. and {Mucciarelli}, A. and {Murray}, G. and {Niedzielski}, A. and {Nunes}, N. and {Oliva}, E. and {Origlia}, L. and {Pall{\'e}}, E. and {Pariani}, G. and {Parr-Burman}, P. and {Pe{\~n}ate}, J. and {Pepe}, F. and {Pinna}, E. and {Piskunov}, N. and {Rasilla Pi{\~n}eiro}, J.~L. and {Rebolo}, R. and {Rees}, P. and {Reiners}, A. and {Riva}, M. and {Romano}, D. and {Rousseau}, S. and {Sanna}, N. and {Santos}, N. and {Sarajlic}, M. and {Shen}, T. -C. and {Sortino}, F. and {Sosnowska}, D. and {Sousa}, S. and {Stempels}, E. and {Strassmeier}, K. and {Tenegi}, F. and {Tozzi}, A. and {Udry}, S. and {Valenziano}, L. and {Vanzi}, L. and {Weber}, M. and {Woche}, M. and {Xompero}, M. and {Zackrisson}, E. and {Zapatero Osorio}, M.~R.},
        title = "{HIRES, the High-resolution Spectrograph for the ELT}",
      journal = {The Messenger},
     keywords = {Astrophysics - Instrumentation and Methods for Astrophysics},
         year = 2021,
        month = mar,
       volume = {182},
        pages = {27-32},
          doi = {10.18727/0722-6691/5219},
archivePrefix = {arXiv},
       eprint = {2011.12317},
 primaryClass = {astro-ph.IM},
       adsurl = {https://ui.adsabs.harvard.edu/abs/2021Msngr.182...27M},
      adsnote = {Provided by the SAO/NASA Astrophysics Data System}
}


@ARTICLE{marleau2022,
       author = {{Marleau}, Gabriel-Dominique and {Aoyama}, Yuhiko},
        title = "{Planetary Line-to-accretion Luminosity Scaling Relations: Extrapolating to Higher-order Hydrogen Lines}",
      journal = {Research Notes of the American Astronomical Society},
     keywords = {Accretion, Scaling relations, Extrasolar gaseous giant planets, H I line emission, Exoplanet formation, Classical T Tauri stars, 14, 2031, 509, 690, 492, 252, Astrophysics - Earth and Planetary Astrophysics, Astrophysics - Solar and Stellar Astrophysics},
         year = 2022,
        month = dec,
       volume = {6},
       number = {12},
          eid = {262},
        pages = {262},
          doi = {10.3847/2515-5172/acaa34},
archivePrefix = {arXiv},
       eprint = {2303.00011},
 primaryClass = {astro-ph.EP},
       adsurl = {https://ui.adsabs.harvard.edu/abs/2022RNAAS...6..262M},
      adsnote = {Provided by the SAO/NASA Astrophysics Data System}
}

@ARTICLE{marleau2024,
       author = {{Marleau}, Gabriel-Dominique and {Aoyama}, Yuhiko and {Hashimoto}, Jun and {Zhou}, Yifan},
        title = "{Revisiting the Helium and Hydrogen Accretion Indicators at TWA 27B: Weak Mass Flow at Near-freefall Velocity}",
      journal = {\apj},
     keywords = {Accretion, H I line emission, Planet formation, James Webb Space Telescope, Spectroscopy, Hubble Space Telescope, Brown dwarfs, 14, 690, 1241, 2291, 1558, 761, 185, Astrophysics - Earth and Planetary Astrophysics, Astrophysics - Solar and Stellar Astrophysics},
         year = 2024,
        month = mar,
       volume = {964},
       number = {1},
          eid = {70},
        pages = {70},
          doi = {10.3847/1538-4357/ad1ee9},
archivePrefix = {arXiv},
       eprint = {2401.04763},
 primaryClass = {astro-ph.EP},
       adsurl = {https://ui.adsabs.harvard.edu/abs/2024ApJ...964...70M},
      adsnote = {Provided by the SAO/NASA Astrophysics Data System}
}

@ARTICLE{mohanty2005,
       author = {{Mohanty}, Subhanjoy and {Jayawardhana}, Ray and {Basri}, Gibor},
        title = "{The T Tauri Phase Down to Nearly Planetary Masses: Echelle Spectra of 82 Very Low Mass Stars and Brown Dwarfs}",
      journal = {\apj},
     keywords = {Stars: Circumstellar Matter, Stars: Planetary Systems, Stars: Formation, Stars: Low-Mass, Brown Dwarfs, Stars: Pre-Main-Sequence, Techniques: Spectroscopic, Astrophysics},
         year = 2005,
        month = jun,
       volume = {626},
       number = {1},
        pages = {498-522},
          doi = {10.1086/429794},
archivePrefix = {arXiv},
       eprint = {astro-ph/0502155},
 primaryClass = {astro-ph},
       adsurl = {https://ui.adsabs.harvard.edu/abs/2005ApJ...626..498M},
      adsnote = {Provided by the SAO/NASA Astrophysics Data System}
}

@ARTICLE{muzerolle2001,
       author = {{Muzerolle}, James and {Calvet}, Nuria and {Hartmann}, Lee},
        title = "{Emission-Line Diagnostics of T Tauri Magnetospheric Accretion. II. Improved Model Tests and Insights into Accretion Physics}",
      journal = {\apj},
     keywords = {Accretion, Accretion Disks, Radiative Transfer, Stars: Formation, Stars: Pre-Main-Sequence},
         year = 2001,
        month = apr,
       volume = {550},
       number = {2},
        pages = {944-961},
          doi = {10.1086/319779},
       adsurl = {https://ui.adsabs.harvard.edu/abs/2001ApJ...550..944M},
      adsnote = {Provided by the SAO/NASA Astrophysics Data System}
}


@ARTICLE{muzerolle2003,
       author = {{Muzerolle}, James and {Hillenbrand}, Lynne and {Calvet}, Nuria and {Brice{\~n}o}, C{\'e}sar and {Hartmann}, Lee},
        title = "{Accretion in Young Stellar/Substellar Objects}",
      journal = {\apj},
     keywords = {Accretion, Accretion Disks, Stars: Circumstellar Matter, Stars: Emission-Line, Be, Stars: Low-Mass, Brown Dwarfs, Stars: Pre-Main-Sequence, Astrophysics},
         year = 2003,
        month = jul,
       volume = {592},
       number = {1},
        pages = {266-281},
          doi = {10.1086/375704},
archivePrefix = {arXiv},
       eprint = {astro-ph/0304078},
 primaryClass = {astro-ph},
       adsurl = {https://ui.adsabs.harvard.edu/abs/2003ApJ...592..266M},
      adsnote = {Provided by the SAO/NASA Astrophysics Data System}
}

@ARTICLE{muzerolle2005,
       author = {{Muzerolle}, James and {Luhman}, Kevin L. and {Brice{\~n}o}, C{\'e}sar and {Hartmann}, Lee and {Calvet}, Nuria},
        title = "{Measuring Accretion in Young Substellar Objects: Approaching the Planetary Mass Regime}",
      journal = {\apj},
     keywords = {Accretion, Accretion Disks, Stars: Circumstellar Matter, Stars: Emission-Line, Be, Stars: Low-Mass, Brown Dwarfs, Stars: Pre-Main-Sequence, Astrophysics},
         year = 2005,
        month = jun,
       volume = {625},
       number = {2},
        pages = {906-912},
          doi = {10.1086/429483},
archivePrefix = {arXiv},
       eprint = {astro-ph/0502023},
 primaryClass = {astro-ph},
       adsurl = {https://ui.adsabs.harvard.edu/abs/2005ApJ...625..906M},
      adsnote = {Provided by the SAO/NASA Astrophysics Data System}
}

@ARTICLE{natta2004,
       author = {{Natta}, A. and {Testi}, L. and {Muzerolle}, J. and {Randich}, S. and {Comer{\'o}n}, F. and {Persi}, P.},
        title = "{Accretion in brown dwarfs: An infrared view}",
      journal = {\aap},
     keywords = {stars: low-mass, brown dwarfs, stars: formation, stars: activity, line: profiles, accretion, accretion disks, Astrophysics},
         year = 2004,
        month = sep,
       volume = {424},
        pages = {603-612},
          doi = {10.1051/0004-6361:20040356},
archivePrefix = {arXiv},
       eprint = {astro-ph/0406106},
 primaryClass = {astro-ph},
       adsurl = {https://ui.adsabs.harvard.edu/abs/2004A&A...424..603N},
      adsnote = {Provided by the SAO/NASA Astrophysics Data System}
}


@ARTICLE{spex,
       author = {{Rayner}, J.~T. and {Toomey}, D.~W. and {Onaka}, P.~M. and {Denault}, A.~J. and {Stahlberger}, W.~E. and {Vacca}, W.~D. and {Cushing}, M.~C. and {Wang}, S.},
        title = "{SpeX: A Medium-Resolution 0.8-5.5 Micron Spectrograph and Imager for the NASA Infrared Telescope Facility}",
      journal = {\pasp},
     keywords = {Stars: Hertzsprung-Russell Diagram, Instrumentation: Detectors, Instrumentation: Spectrographs, Stars: Low-Mass, Brown Dwarfs, Stars: Wolf-Rayet},
         year = 2003,
        month = mar,
       volume = {115},
       number = {805},
        pages = {362-382},
          doi = {10.1086/367745},
       adsurl = {https://ui.adsabs.harvard.edu/abs/2003PASP..115..362R},
      adsnote = {Provided by the SAO/NASA Astrophysics Data System}
}


@ARTICLE{rebull2000,
       author = {{Rebull}, L.~M. and {Hillenbrand}, L.~A. and {Strom}, S.~E. and {Duncan}, D.~K. and {Patten}, Brian M. and {Pavlovsky}, C.~M. and {Makidon}, R. and {Adams}, Mark T.},
        title = "{Circumstellar Disk Candidates Identified from Ultraviolet Excesses in the Orion Nebula Cluster Flanking Fields}",
      journal = {\aj},
     keywords = {Stars: Pre-Main-Sequence},
         year = 2000,
        month = jun,
       volume = {119},
       number = {6},
        pages = {3026-3043},
          doi = {10.1086/301393},
       adsurl = {https://ui.adsabs.harvard.edu/abs/2000AJ....119.3026R},
      adsnote = {Provided by the SAO/NASA Astrophysics Data System}
}



@ARTICLE{ringqvist2023,
       author = {{Ringqvist}, Simon C. and {Viswanath}, Gayathri and {Aoyama}, Yuhiko and {Janson}, Markus and {Marleau}, Gabriel-Dominique and {Brandeker}, Alexis},
        title = "{Resolved near-UV hydrogen emission lines at 40-Myr super-Jovian protoplanet Delorme 1 (AB)b. Indications of magnetospheric accretion}",
      journal = {\aap},
     keywords = {planets and satellites: individual: Delorme 1 (AB)b, accretion, accretion disks, techniques: spectroscopic, Astrophysics - Earth and Planetary Astrophysics, Astrophysics - Solar and Stellar Astrophysics},
         year = 2023,
        month = jan,
       volume = {669},
          eid = {L12},
        pages = {L12},
          doi = {10.1051/0004-6361/202245424},
archivePrefix = {arXiv},
       eprint = {2212.03207},
 primaryClass = {astro-ph.EP},
       adsurl = {https://ui.adsabs.harvard.edu/abs/2023A&A...669L..12R},
      adsnote = {Provided by the SAO/NASA Astrophysics Data System}
}

@ARTICLE{sallum2015,
       author = {{Sallum}, S. and {Follette}, K.~B. and {Eisner}, J.~A. and {Close}, L.~M. and {Hinz}, P. and {Kratter}, K. and {Males}, J. and {Skemer}, A. and {Macintosh}, B. and {Tuthill}, P. and {Bailey}, V. and {Defr{\`e}re}, D. and {Morzinski}, K. and {Rodigas}, T. and {Spalding}, E. and {Vaz}, A. and {Weinberger}, A.~J.},
        title = "{Accreting protoplanets in the LkCa 15 transition disk}",
      journal = {\nat},
     keywords = {Astrophysics - Earth and Planetary Astrophysics},
         year = 2015,
        month = nov,
       volume = {527},
       number = {7578},
        pages = {342-344},
          doi = {10.1038/nature15761},
archivePrefix = {arXiv},
       eprint = {1511.07456},
 primaryClass = {astro-ph.EP},
       adsurl = {https://ui.adsabs.harvard.edu/abs/2015Natur.527..342S},
      adsnote = {Provided by the SAO/NASA Astrophysics Data System}
}


@ARTICLE{sr12c2018,
       author = {{Santamar{\'\i}a-Miranda}, Alejandro and {C{\'a}ceres}, Claudio and {Schreiber}, Matthias R. and {Hardy}, Adam and {Bayo}, Amelia and {Parsons}, Steven G. and {Gromadzki}, Mariusz and {Aguayo Villegas}, Aurora Bel{\'e}n},
        title = "{Accretion signatures in the X-shooter spectrum of the substellar companion to SR12}",
      journal = {\mnras},
     keywords = {accretion, accretion discs, brown dwarfs, stars: pre-main-sequence, Astrophysics - Solar and Stellar Astrophysics},
         year = 2018,
        month = apr,
       volume = {475},
       number = {3},
        pages = {2994-3003},
          doi = {10.1093/mnras/stx3325},
archivePrefix = {arXiv},
       eprint = {1712.09297},
 primaryClass = {astro-ph.SR},
       adsurl = {https://ui.adsabs.harvard.edu/abs/2018MNRAS.475.2994S},
      adsnote = {Provided by the SAO/NASA Astrophysics Data System}
}

@ARTICLE{sr12c2018erratum,
       author = {{Santamar{\'\i}a-Miranda}, Alejandro and {C{\'a}ceres}, Claudio and {Schreiber}, Matthias R. and {Hardy}, Adam and {Bayo}, Amelia and {Parsons}, Steven G. and {Gromadzki}, Mariusz and {Aguayo Villegas}, Aurora Bel{\'e}n},
        title = "{Erratum: Accretion signatures in the X-shooter spectrum of the substellar companion to SR12}",
      journal = {\mnras},
     keywords = {errata, addenda, brown dwarfs, stars: pre-main-sequence, accretion, accretion discs},
         year = 2019,
        month = oct,
       volume = {488},
       number = {4},
        pages = {5852-5853},
          doi = {10.1093/mnras/stz2173},
       adsurl = {https://ui.adsabs.harvard.edu/abs/2019MNRAS.488.5852S},
      adsnote = {Provided by the SAO/NASA Astrophysics Data System}
}


@ARTICLE{unwise2019,
       author = {{Schlafly}, Edward F. and {Meisner}, Aaron M. and {Green}, Gregory M.},
        title = "{The unWISE Catalog: Two Billion Infrared Sources from Five Years of WISE Imaging}",
      journal = {\apjs},
     keywords = {catalogs, infrared: general, surveys, techniques: photometric, Astrophysics - Instrumentation and Methods for Astrophysics, Astrophysics - Astrophysics of Galaxies},
         year = 2019,
        month = feb,
       volume = {240},
       number = {2},
          eid = {30},
        pages = {30},
          doi = {10.3847/1538-4365/aafbea},
archivePrefix = {arXiv},
       eprint = {1901.03337},
 primaryClass = {astro-ph.IM},
       adsurl = {https://ui.adsabs.harvard.edu/abs/2019ApJS..240...30S},
      adsnote = {Provided by the SAO/NASA Astrophysics Data System}
}


@ARTICLE{sicilia2015,
       author = {{Sicilia-Aguilar}, Aurora and {Fang}, Min and {Roccatagliata}, Veronica and {Collier Cameron}, Andrew and {K{\'o}sp{\'a}l}, {\'A}gnes and {Henning}, Thomas and {{\'A}brah{\'a}m}, Peter and {Sipos}, Nikoletta},
        title = "{Accretion dynamics of EX Lupi in quiescence. The star, the spot, and the accretion column}",
      journal = {\aap},
     keywords = {stars: pre-main sequence, stars: variables: T Tauri, Herbig Ae/Be, stars: individual: EX Lupi, protoplanetary disks, accretion, accretion disks, techniques: spectroscopic, Astrophysics - Solar and Stellar Astrophysics},
         year = 2015,
        month = aug,
       volume = {580},
          eid = {A82},
        pages = {A82},
          doi = {10.1051/0004-6361/201525970},
archivePrefix = {arXiv},
       eprint = {1505.08011},
 primaryClass = {astro-ph.SR},
       adsurl = {https://ui.adsabs.harvard.edu/abs/2015A&A...580A..82S},
      adsnote = {Provided by the SAO/NASA Astrophysics Data System}
}


@ARTICLE{thanat2019,
       author = {{Thanathibodee}, Thanawuth and {Calvet}, Nuria and {Bae}, Jaehan and {Muzerolle}, James and {Hern{\'a}ndez}, Ramiro Franco},
        title = "{Magnetospheric Accretion as a Source of H{\ensuremath{\alpha}} Emission from Protoplanets around PDS 70}",
      journal = {\apj},
     keywords = {Accretion, Exoplanet formation, H I line emission, Protoplanetary disks, T Tauri stars, 14, 492, 690, 1300, 1681, Astrophysics - Earth and Planetary Astrophysics, Astrophysics - Solar and Stellar Astrophysics},
         year = 2019,
        month = nov,
       volume = {885},
       number = {1},
          eid = {94},
        pages = {94},
          doi = {10.3847/1538-4357/ab44c1},
archivePrefix = {arXiv},
       eprint = {1909.06450},
 primaryClass = {astro-ph.EP},
       adsurl = {https://ui.adsabs.harvard.edu/abs/2019ApJ...885...94T},
      adsnote = {Provided by the SAO/NASA Astrophysics Data System}
}

@ARTICLE{theissen2017,
       author = {{Theissen}, Christopher A. and {West}, Andrew A. and {Shippee}, Guillaume and {Burgasser}, Adam J. and {Schmidt}, Sarah J.},
        title = "{The Late-Type Extension to MoVeRS (LaTE-MoVeRS): Proper Motion Verified Low-mass Stars and Brown Dwarfs from SDSS, 2MASS, and WISE}",
      journal = {\aj},
     keywords = {brown dwarfs, circumstellar matter, proper motions, stars: kinematics and dynamics, stars: late-type, stars: low-mass, Astrophysics - Solar and Stellar Astrophysics},
         year = 2017,
        month = mar,
       volume = {153},
       number = {3},
          eid = {92},
        pages = {92},
          doi = {10.3847/1538-3881/153/3/92},
archivePrefix = {arXiv},
       eprint = {1612.05252},
 primaryClass = {astro-ph.SR},
       adsurl = {https://ui.adsabs.harvard.edu/abs/2017AJ....153...92T},
      adsnote = {Provided by the SAO/NASA Astrophysics Data System}
}

@ARTICLE{theissen2018,
       author = {{Theissen}, Christopher A. and {Burgasser}, Adam J. and {Bardalez Gagliuffi}, Daniella C. and {Hardegree-Ullman}, Kevin K. and {Gagn{\'e}}, Jonathan and {Schmidt}, Sarah J. and {West}, Andrew A.},
        title = "{2MASS J11151597+1937266: A Young, Dusty, Isolated, Planetary-mass Object with a Potential Wide Stellar Companion}",
      journal = {\apj},
     keywords = {brown dwarfs, circumstellar matter, infrared: stars, proper motions, stars: individual: 2MASS J11151597+1937266, 2MASS J11131089+2110086, Astrophysics - Solar and Stellar Astrophysics},
         year = 2018,
        month = jan,
       volume = {853},
       number = {1},
          eid = {75},
        pages = {75},
          doi = {10.3847/1538-4357/aaa0cf},
archivePrefix = {arXiv},
       eprint = {1712.03964},
 primaryClass = {astro-ph.SR},
       adsurl = {https://ui.adsabs.harvard.edu/abs/2018ApJ...853...75T},
      adsnote = {Provided by the SAO/NASA Astrophysics Data System}
}

@ARTICLE{turbet2016,
       author = {{Turbet}, Martin and {Leconte}, J{\'e}r{\'e}my and {Selsis}, Franck and {Bolmont}, Emeline and {Forget}, Fran{\c{c}}ois and {Ribas}, Ignasi and {Raymond}, Sean N. and {Anglada-Escud{\'e}}, Guillem},
        title = "{The habitability of Proxima Centauri b. II. Possible climates and observability}",
      journal = {\aap},
     keywords = {stars: individual: Proxima Cen, planets and satellites: individual: Proxima Cen b, planets and satellites: atmospheres, planets and satellites: terrestrial planets, planets and satellites: detection, astrobiology, Astrophysics - Earth and Planetary Astrophysics},
         year = 2016,
        month = dec,
       volume = {596},
          eid = {A112},
        pages = {A112},
          doi = {10.1051/0004-6361/201629577},
archivePrefix = {arXiv},
       eprint = {1608.06827},
 primaryClass = {astro-ph.EP},
       adsurl = {https://ui.adsabs.harvard.edu/abs/2016A&A...596A.112T},
      adsnote = {Provided by the SAO/NASA Astrophysics Data System}
}


@ARTICLE{venuti2019,
       author = {{Venuti}, L. and {Stelzer}, B. and {Alcal{\'a}}, J.~M. and {Manara}, C.~F. and {Frasca}, A. and {Jayawardhana}, R. and {Antoniucci}, S. and {Argiroffi}, C. and {Natta}, A. and {Nisini}, B. and {Randich}, S. and {Scholz}, A.},
        title = "{X-shooter spectroscopy of young stars with disks. The TW Hydrae association as a probe of the final stages of disk accretion}",
      journal = {\aap},
     keywords = {accretion, accretion disks, techniques: spectroscopic, stars: low-mass, stars: pre-main sequence, open clusters and associations: individual: TWA, Astrophysics - Solar and Stellar Astrophysics, Astrophysics - Earth and Planetary Astrophysics, Astrophysics - Astrophysics of Galaxies},
         year = 2019,
        month = dec,
       volume = {632},
          eid = {A46},
        pages = {A46},
          doi = {10.1051/0004-6361/201935745},
archivePrefix = {arXiv},
       eprint = {1909.06699},
 primaryClass = {astro-ph.SR},
       adsurl = {https://ui.adsabs.harvard.edu/abs/2019A&A...632A..46V},
      adsnote = {Provided by the SAO/NASA Astrophysics Data System}
}



@ARTICLE{wagner2018,
       author = {{Wagner}, Kevin and {Follete}, Katherine B. and {Close}, Laird M. and {Apai}, D{\'a}niel and {Gibbs}, Aidan and {Keppler}, Miriam and {M{\"u}ller}, Andr{\'e} and {Henning}, Thomas and {Kasper}, Markus and {Wu}, Ya-Lin and {Long}, Joseph and {Males}, Jared and {Morzinski}, Katie and {McClure}, Melissa},
        title = "{Magellan Adaptive Optics Imaging of PDS 70: Measuring the Mass Accretion Rate of a Young Giant Planet within a Gapped Disk}",
      journal = {\apjl},
     keywords = {planet{\textendash}disk interactions, planets and satellites: detection, planets and satellites: formation, stars: pre-main sequence, Astrophysics - Earth and Planetary Astrophysics, Astrophysics - Solar and Stellar Astrophysics},
         year = 2018,
        month = aug,
       volume = {863},
       number = {1},
          eid = {L8},
        pages = {L8},
          doi = {10.3847/2041-8213/aad695},
archivePrefix = {arXiv},
       eprint = {1807.10766},
 primaryClass = {astro-ph.EP},
       adsurl = {https://ui.adsabs.harvard.edu/abs/2018ApJ...863L...8W},
      adsnote = {Provided by the SAO/NASA Astrophysics Data System}
}



@ARTICLE{miri,
       author = {{Wright}, G.~S. and {Wright}, David and {Goodson}, G.~B. and {Rieke}, G.~H. and {Aitink-Kroes}, Gabby and {Amiaux}, J. and {Aricha-Yanguas}, Ana and {Azzollini}, Ruym{\'a}n and {Banks}, Kimberly and {Barrado-Navascues}, D. and {Belenguer-Davila}, T. and {Blommaert}, J.~A.~D.~L. and {Bouchet}, Patrice and {Brandl}, B.~R. and {Colina}, L. and {Detre}, {\"O}rs and {Diaz-Catala}, Eva and {Eccleston}, Paul and {Friedman}, Scott D. and {Garc{\'\i}a-Mar{\'\i}n}, Macarena and {G{\"u}del}, Manuel and {Glasse}, Alistair and {Glauser}, Adrian M. and {Greene}, T.~P. and {Groezinger}, Uli and {Grundy}, Tim and {Hastings}, Peter and {Henning}, Th. and {Hofferbert}, Ralph and {Hunter}, Faye and {Jessen}, N.~C. and {Justtanont}, K. and {Karnik}, Avinash R. and {Khorrami}, Mori A. and {Krause}, Oliver and {Labiano}, Alvaro and {Lagage}, P. -O. and {Langer}, Ulrich and {Lemke}, Dietrich and {Lim}, Tanya and {Lorenzo-Alvarez}, Jose and {Mazy}, Emmanuel and {McGowan}, Norman and {Meixner}, M.~E. and {Morris}, Nigel and {Morrison}, Jane E. and {M{\"u}ller}, Friedrich and {rgaard-Nielson}, H. -U. N{\o} and {Olofsson}, G{\"o}ran and {O'Sullivan}, Brian and {Pel}, J. -W. and {Penanen}, Konstantin and {Petach}, M.~B. and {Pye}, J.~P. and {Ray}, T.~P. and {Renotte}, Etienne and {Renouf}, Ian and {Ressler}, M.~E. and {Samara-Ratna}, Piyal and {Scheithauer}, Silvia and {Schneider}, Analyn and {Shaughnessy}, Bryan and {Stevenson}, Tim and {Sukhatme}, Kalyani and {Swinyard}, Bruce and {Sykes}, Jon and {Thatcher}, John and {Tikkanen}, Tuomo and {van Dishoeck}, E.~F. and {Waelkens}, C. and {Walker}, Helen and {Wells}, Martyn and {Zhender}, Alex},
        title = "{The Mid-Infrared Instrument for the James Webb Space Telescope, II: Design and Build}",
      journal = {\pasp},
     keywords = {Astrophysics - Instrumentation and Methods for Astrophysics},
         year = 2015,
        month = jul,
       volume = {127},
       number = {953},
        pages = {595},
          doi = {10.1086/682253},
archivePrefix = {arXiv},
       eprint = {1508.02333},
 primaryClass = {astro-ph.IM},
       adsurl = {https://ui.adsabs.harvard.edu/abs/2015PASP..127..595W},
      adsnote = {Provided by the SAO/NASA Astrophysics Data System}
}

@ARTICLE{sdss,
       author = {{York}, Donald G. and {Adelman}, J. and {Anderson}, John E., Jr. and {Anderson}, Scott F. and {Annis}, James and {Bahcall}, Neta A. and {Bakken}, J.~A. and {Barkhouser}, Robert and {Bastian}, Steven and {Berman}, Eileen and {Boroski}, William N. and {Bracker}, Steve and {Briegel}, Charlie and {Briggs}, John W. and {Brinkmann}, J. and {Brunner}, Robert and {Burles}, Scott and {Carey}, Larry and {Carr}, Michael A. and {Castander}, Francisco J. and {Chen}, Bing and {Colestock}, Patrick L. and {Connolly}, A.~J. and {Crocker}, J.~H. and {Csabai}, Istv{\'a}n and {Czarapata}, Paul C. and {Davis}, John Eric and {Doi}, Mamoru and {Dombeck}, Tom and {Eisenstein}, Daniel and {Ellman}, Nancy and {Elms}, Brian R. and {Evans}, Michael L. and {Fan}, Xiaohui and {Federwitz}, Glenn R. and {Fiscelli}, Larry and {Friedman}, Scott and {Frieman}, Joshua A. and {Fukugita}, Masataka and {Gillespie}, Bruce and {Gunn}, James E. and {Gurbani}, Vijay K. and {de Haas}, Ernst and {Haldeman}, Merle and {Harris}, Frederick H. and {Hayes}, J. and {Heckman}, Timothy M. and {Hennessy}, G.~S. and {Hindsley}, Robert B. and {Holm}, Scott and {Holmgren}, Donald J. and {Huang}, Chi-hao and {Hull}, Charles and {Husby}, Don and {Ichikawa}, Shin-Ichi and {Ichikawa}, Takashi and {Ivezi{\'c}}, {\v{Z}}eljko and {Kent}, Stephen and {Kim}, Rita S.~J. and {Kinney}, E. and {Klaene}, Mark and {Kleinman}, A.~N. and {Kleinman}, S. and {Knapp}, G.~R. and {Korienek}, John and {Kron}, Richard G. and {Kunszt}, Peter Z. and {Lamb}, D.~Q. and {Lee}, B. and {Leger}, R. French and {Limmongkol}, Siriluk and {Lindenmeyer}, Carl and {Long}, Daniel C. and {Loomis}, Craig and {Loveday}, Jon and {Lucinio}, Rich and {Lupton}, Robert H. and {MacKinnon}, Bryan and {Mannery}, Edward J. and {Mantsch}, P.~M. and {Margon}, Bruce and {McGehee}, Peregrine and {McKay}, Timothy A. and {Meiksin}, Avery and {Merelli}, Aronne and {Monet}, David G. and {Munn}, Jeffrey A. and {Narayanan}, Vijay K. and {Nash}, Thomas and {Neilsen}, Eric and {Neswold}, Rich and {Newberg}, Heidi Jo and {Nichol}, R.~C. and {Nicinski}, Tom and {Nonino}, Mario and {Okada}, Norio and {Okamura}, Sadanori and {Ostriker}, Jeremiah P. and {Owen}, Russell and {Pauls}, A. George and {Peoples}, John and {Peterson}, R.~L. and {Petravick}, Donald and {Pier}, Jeffrey R. and {Pope}, Adrian and {Pordes}, Ruth and {Prosapio}, Angela and {Rechenmacher}, Ron and {Quinn}, Thomas R. and {Richards}, Gordon T. and {Richmond}, Michael W. and {Rivetta}, Claudio H. and {Rockosi}, Constance M. and {Ruthmansdorfer}, Kurt and {Sandford}, Dale and {Schlegel}, David J. and {Schneider}, Donald P. and {Sekiguchi}, Maki and {Sergey}, Gary and {Shimasaku}, Kazuhiro and {Siegmund}, Walter A. and {Smee}, Stephen and {Smith}, J. Allyn and {Snedden}, S. and {Stone}, R. and {Stoughton}, Chris and {Strauss}, Michael A. and {Stubbs}, Christopher and {SubbaRao}, Mark and {Szalay}, Alexander S. and {Szapudi}, Istvan and {Szokoly}, Gyula P. and {Thakar}, Anirudda R. and {Tremonti}, Christy and {Tucker}, Douglas L. and {Uomoto}, Alan and {Vanden Berk}, Dan and {Vogeley}, Michael S. and {Waddell}, Patrick and {Wang}, Shu-i. and {Watanabe}, Masaru and {Weinberg}, David H. and {Yanny}, Brian and {Yasuda}, Naoki and {SDSS Collaboration}},
        title = "{The Sloan Digital Sky Survey: Technical Summary}",
      journal = {\aj},
     keywords = {Cosmology: Observations, Instrumentation: Miscellaneous, Astrophysics},
         year = 2000,
        month = sep,
       volume = {120},
       number = {3},
        pages = {1579-1587},
          doi = {10.1086/301513},
archivePrefix = {arXiv},
       eprint = {astro-ph/0006396},
 primaryClass = {astro-ph},
       adsurl = {https://ui.adsabs.harvard.edu/abs/2000AJ....120.1579Y},
      adsnote = {Provided by the SAO/NASA Astrophysics Data System}
}

@ARTICLE{koenigl1991,
       author = {{Koenigl}, Arieh},
        title = "{Disk Accretion onto Magnetic T Tauri Stars}",
      journal = {\apjl},
     keywords = {Accretion Disks, Magnetic Stars, T Tauri Stars, Computational Astrophysics, Stellar Magnetic Fields, Stellar Mass Accretion, Stellar Models, Ultraviolet Radiation, Astrophysics, STARS: ACCRETION, STARS: MAGNETIC, STARS: PRE--MAIN-SEQUENCE},
         year = 1991,
        month = mar,
       volume = {370},
        pages = {L39},
          doi = {10.1086/185972},
       adsurl = {https://ui.adsabs.harvard.edu/abs/1991ApJ...370L..39K},
      adsnote = {Provided by the SAO/NASA Astrophysics Data System}
}

@ARTICLE{calvet1998,
       author = {{Calvet}, Nuria and {Gullbring}, Erik},
        title = "{The Structure and Emission of the Accretion Shock in T Tauri Stars}",
      journal = {\apj},
     keywords = {ACCRETION, ACCRETION DISKS, STARS: CIRCUMSTELLAR MATTER, SHOCK WAVES, STARS: PRE-MAIN-SEQUENCE, Accretion, Accretion Disks, Stars: Circumstellar Matter, Shock Waves, Stars: Pre-Main-Sequence},
         year = 1998,
        month = dec,
       volume = {509},
       number = {2},
        pages = {802-818},
          doi = {10.1086/306527},
       adsurl = {https://ui.adsabs.harvard.edu/abs/1998ApJ...509..802C},
      adsnote = {Provided by the SAO/NASA Astrophysics Data System}
}

@ARTICLE{zhu2015,
       author = {{Zhu}, Zhaohuan},
        title = "{Accreting Circumplanetary Disks: Observational Signatures}",
      journal = {\apj},
     keywords = {accretion, accretion disks, planetary systems, planets and satellites: formation, protoplanetary disks, radiative transfer, stars: magnetic field, stars: pre-main sequence, Astrophysics - Earth and Planetary Astrophysics},
         year = 2015,
        month = jan,
       volume = {799},
       number = {1},
          eid = {16},
        pages = {16},
          doi = {10.1088/0004-637X/799/1/16},
archivePrefix = {arXiv},
       eprint = {1408.6554},
 primaryClass = {astro-ph.EP},
       adsurl = {https://ui.adsabs.harvard.edu/abs/2015ApJ...799...16Z},
      adsnote = {Provided by the SAO/NASA Astrophysics Data System}
}

@ARTICLE{luhman2023,
       author = {{Luhman}, K.~L. and {Tremblin}, P. and {Birkmann}, S.~M. and {Manjavacas}, E. and {Valenti}, J. and {Alves de Oliveira}, C. and {Beck}, T.~L. and {Giardino}, G. and {L{\"u}tzgendorf}, N. and {Rauscher}, B.~J. and {Sirianni}, M.},
        title = "{JWST/NIRSpec Observations of the Planetary Mass Companion TWA 27B}",
      journal = {\apjl},
     keywords = {Brown dwarfs, L dwarfs, Exoplanet atmospheres, Circumstellar disks, Protoplanetary disks, Substellar companion stars, 185, 894, 487, 235, 1300, 1648, Astrophysics - Earth and Planetary Astrophysics},
         year = 2023,
        month = jun,
       volume = {949},
       number = {2},
          eid = {L36},
        pages = {L36},
          doi = {10.3847/2041-8213/acd635},
archivePrefix = {arXiv},
       eprint = {2305.18603},
 primaryClass = {astro-ph.EP},
       adsurl = {https://ui.adsabs.harvard.edu/abs/2023ApJ...949L..36L},
      adsnote = {Provided by the SAO/NASA Astrophysics Data System}
}

@ARTICLE{owen2016,
       author = {{Owen}, James E. and {Menou}, Kristen},
        title = "{Disk-fed Giant Planet Formation}",
      journal = {\apjl},
     keywords = {accretion, accretion disks, planets and satellites: formation, planets and satellites: gaseous planets, planets and satellites: physical evolution, Astrophysics - Earth and Planetary Astrophysics, Astrophysics - Solar and Stellar Astrophysics},
         year = 2016,
        month = mar,
       volume = {819},
       number = {1},
          eid = {L14},
        pages = {L14},
          doi = {10.3847/2041-8205/819/1/L14},
archivePrefix = {arXiv},
       eprint = {1602.02781},
 primaryClass = {astro-ph.EP},
       adsurl = {https://ui.adsabs.harvard.edu/abs/2016ApJ...819L..14O},
      adsnote = {Provided by the SAO/NASA Astrophysics Data System}
}

@ARTICLE{szulagyi2017,
       author = {{Szul{\'a}gyi}, J. and {Mordasini}, C.},
        title = "{Thermodynamics of giant planet formation: shocking hot surfaces on circumplanetary discs}",
      journal = {\mnras},
     keywords = {accretion, accretion discs, hydrodynamics, methods: numerical, planets and satellites: formation, planet-disc interactions, Astrophysics - Earth and Planetary Astrophysics},
         year = 2017,
        month = feb,
       volume = {465},
       number = {1},
        pages = {L64-L68},
          doi = {10.1093/mnrasl/slw212},
archivePrefix = {arXiv},
       eprint = {1609.08652},
 primaryClass = {astro-ph.EP},
       adsurl = {https://ui.adsabs.harvard.edu/abs/2017MNRAS.465L..64S},
      adsnote = {Provided by the SAO/NASA Astrophysics Data System}
}

@ARTICLE{szulagyi2020,
       author = {{Szul{\'a}gyi}, Judit and {Ercolano}, Barbara},
        title = "{Hydrogen Recombination Line Luminosities and Variability from Forming Planets}",
      journal = {\apj},
     keywords = {Exoplanet detection methods, Accretion, Photoionization, Extrasolar gas giants, Protoplanetary disks, 489, 14, 2060, 509, 1300, Astrophysics - Earth and Planetary Astrophysics, Astrophysics - Solar and Stellar Astrophysics},
         year = 2020,
        month = oct,
       volume = {902},
       number = {2},
          eid = {126},
        pages = {126},
          doi = {10.3847/1538-4357/abb5a2},
archivePrefix = {arXiv},
       eprint = {2002.09918},
 primaryClass = {astro-ph.EP},
       adsurl = {https://ui.adsabs.harvard.edu/abs/2020ApJ...902..126S},
      adsnote = {Provided by the SAO/NASA Astrophysics Data System}
}

@ARTICLE{lynden1974,
       author = {{Lynden-Bell}, D. and {Pringle}, J.~E.},
        title = "{The evolution of viscous discs and the origin of the nebular variables.}",
      journal = {\mnras},
         year = 1974,
        month = sep,
       volume = {168},
        pages = {603-637},
          doi = {10.1093/mnras/168.3.603},
       adsurl = {https://ui.adsabs.harvard.edu/abs/1974MNRAS.168..603L},
      adsnote = {Provided by the SAO/NASA Astrophysics Data System}
}

@ARTICLE{szulagyi2014,
       author = {{Szul{\'a}gyi}, J. and {Morbidelli}, A. and {Crida}, A. and {Masset}, F.},
        title = "{Accretion of Jupiter-mass Planets in the Limit of Vanishing Viscosity}",
      journal = {\apj},
     keywords = {accretion, accretion disks, hydrodynamics, methods: numerical, planets and satellites: formation, planets and satellites: gaseous planets, protoplanetary disks, Astrophysics - Earth and Planetary Astrophysics},
         year = 2014,
        month = feb,
       volume = {782},
       number = {2},
          eid = {65},
        pages = {65},
          doi = {10.1088/0004-637X/782/2/65},
archivePrefix = {arXiv},
       eprint = {1312.6302},
 primaryClass = {astro-ph.EP},
       adsurl = {https://ui.adsabs.harvard.edu/abs/2014ApJ...782...65S},
      adsnote = {Provided by the SAO/NASA Astrophysics Data System}
}

@ARTICLE{reiners2010,
       author = {{Reiners}, A. and {Christensen}, U.~R.},
        title = "{A magnetic field evolution scenario for brown dwarfs and giant planets}",
      journal = {\aap},
     keywords = {planets and satellites: magnetic fields, stars: activity, stars: magnetic field, brown dwarfs, stars: low-mass, Astrophysics - Earth and Planetary Astrophysics, Astrophysics - Solar and Stellar Astrophysics},
         year = 2010,
        month = nov,
       volume = {522},
          eid = {A13},
        pages = {A13},
          doi = {10.1051/0004-6361/201014251},
archivePrefix = {arXiv},
       eprint = {1007.1514},
 primaryClass = {astro-ph.EP},
       adsurl = {https://ui.adsabs.harvard.edu/abs/2010A&A...522A..13R},
      adsnote = {Provided by the SAO/NASA Astrophysics Data System}
}

@ARTICLE{batygin2018,
       author = {{Batygin}, Konstantin},
        title = "{On the Terminal Rotation Rates of Giant Planets}",
      journal = {\aj},
     keywords = {planet{\textendash}disk interactions, planetary systems, planets and satellites: formation, Astrophysics - Earth and Planetary Astrophysics},
         year = 2018,
        month = apr,
       volume = {155},
       number = {4},
          eid = {178},
        pages = {178},
          doi = {10.3847/1538-3881/aab54e},
archivePrefix = {arXiv},
       eprint = {1803.07106},
 primaryClass = {astro-ph.EP},
       adsurl = {https://ui.adsabs.harvard.edu/abs/2018AJ....155..178B},
      adsnote = {Provided by the SAO/NASA Astrophysics Data System}
}

@ARTICLE{kao2018,
       author = {{Kao}, Melodie M. and {Hallinan}, Gregg and {Pineda}, J. Sebastian and {Stevenson}, David and {Burgasser}, Adam},
        title = "{The Strongest Magnetic Fields on the Coolest Brown Dwarfs}",
      journal = {\apjs},
     keywords = {brown dwarfs, planets and satellites: aurorae, planets and satellites: magnetic fields, radio continuum: stars, stars: individual: 2MASS 10430758+2225236, 2MASS 12373919+6526148, SDSS 04234858-0414035, SIMP J01365662+0933473, stars: magnetic field, Astrophysics - Solar and Stellar Astrophysics, Astrophysics - Earth and Planetary Astrophysics},
         year = 2018,
        month = aug,
       volume = {237},
       number = {2},
          eid = {25},
        pages = {25},
          doi = {10.3847/1538-4365/aac2d5},
archivePrefix = {arXiv},
       eprint = {1808.02485},
 primaryClass = {astro-ph.SR},
       adsurl = {https://ui.adsabs.harvard.edu/abs/2018ApJS..237...25K},
      adsnote = {Provided by the SAO/NASA Astrophysics Data System}
}

@ARTICLE{hashimoto2020,
       author = {{Hashimoto}, Jun and {Aoyama}, Yuhiko and {Konishi}, Mihoko and {Uyama}, Taichi and {Takasao}, Shinsuke and {Ikoma}, Masahiro and {Tanigawa}, Takayuki},
        title = "{Accretion Properties of PDS 70b with MUSE}",
      journal = {\aj},
     keywords = {Accretion, Exoplanet formation, Direct imaging, 14, 492, 387, Astrophysics - Earth and Planetary Astrophysics, Astrophysics - Solar and Stellar Astrophysics},
         year = 2020,
        month = may,
       volume = {159},
       number = {5},
          eid = {222},
        pages = {222},
          doi = {10.3847/1538-3881/ab811e},
archivePrefix = {arXiv},
       eprint = {2003.07922},
 primaryClass = {astro-ph.EP},
       adsurl = {https://ui.adsabs.harvard.edu/abs/2020AJ....159..222H},
      adsnote = {Provided by the SAO/NASA Astrophysics Data System}
}

@ARTICLE{zhou2021,
       author = {{Zhou}, Yifan and {Bowler}, Brendan P. and {Wagner}, Kevin R. and {Schneider}, Glenn and {Apai}, D{\'a}niel and {Kraus}, Adam L. and {Close}, Laird M. and {Herczeg}, Gregory J. and {Fang}, Min},
        title = "{Hubble Space Telescope UV and H{\ensuremath{\alpha}} Measurements of the Accretion Excess Emission from the Young Giant Planet PDS 70 b}",
      journal = {\aj},
     keywords = {Exoplanet astronomy, Exoplanet formation, Planet formation, Accretion, Extrasolar gaseous giant planets, 486, 492, 1241, 14, 509, Astrophysics - Earth and Planetary Astrophysics},
         year = 2021,
        month = may,
       volume = {161},
       number = {5},
          eid = {244},
        pages = {244},
          doi = {10.3847/1538-3881/abeb7a},
archivePrefix = {arXiv},
       eprint = {2104.13934},
 primaryClass = {astro-ph.EP},
       adsurl = {https://ui.adsabs.harvard.edu/abs/2021AJ....161..244Z},
      adsnote = {Provided by the SAO/NASA Astrophysics Data System}
}

@ARTICLE{benistry2021,
       author = {{Benisty}, Myriam and {Bae}, Jaehan and {Facchini}, Stefano and {Keppler}, Miriam and {Teague}, Richard and {Isella}, Andrea and {Kurtovic}, Nicolas T. and {P{\'e}rez}, Laura M. and {Sierra}, Anibal and {Andrews}, Sean M. and {Carpenter}, John and {Czekala}, Ian and {Dominik}, Carsten and {Henning}, Thomas and {Menard}, Francois and {Pinilla}, Paola and {Zurlo}, Alice},
        title = "{A Circumplanetary Disk around PDS70c}",
      journal = {\apjl},
     keywords = {Protoplanetary disks, 1300, Astrophysics - Earth and Planetary Astrophysics, Astrophysics - Solar and Stellar Astrophysics},
         year = 2021,
        month = jul,
       volume = {916},
       number = {1},
          eid = {L2},
        pages = {L2},
          doi = {10.3847/2041-8213/ac0f83},
archivePrefix = {arXiv},
       eprint = {2108.07123},
 primaryClass = {astro-ph.EP},
       adsurl = {https://ui.adsabs.harvard.edu/abs/2021ApJ...916L...2B},
      adsnote = {Provided by the SAO/NASA Astrophysics Data System}
}

@ARTICLE{isella2019,
       author = {{Isella}, Andrea and {Benisty}, Myriam and {Teague}, Richard and {Bae}, Jaehan and {Keppler}, Miriam and {Facchini}, Stefano and {P{\'e}rez}, Laura},
        title = "{Detection of Continuum Submillimeter Emission Associated with Candidate Protoplanets}",
      journal = {\apjl},
     keywords = {instrumentation: high angular resolution, instrumentation: interferometers, planetary systems, planet{\textendash}disk interactions, planets and satellites: formation, protoplanetary disks, Astrophysics - Earth and Planetary Astrophysics, Astrophysics - Solar and Stellar Astrophysics},
         year = 2019,
        month = jul,
       volume = {879},
       number = {2},
          eid = {L25},
        pages = {L25},
          doi = {10.3847/2041-8213/ab2a12},
archivePrefix = {arXiv},
       eprint = {1906.06308},
 primaryClass = {astro-ph.EP},
       adsurl = {https://ui.adsabs.harvard.edu/abs/2019ApJ...879L..25I},
      adsnote = {Provided by the SAO/NASA Astrophysics Data System}
}

@ARTICLE{mendi2018,
       author = {{Mendigut{\'\i}a}, I. and {Oudmaijer}, R.~D. and {Schneider}, P.~C. and {Hu{\'e}lamo}, N. and {Baines}, D. and {Brittain}, S.~D. and {Aberasturi}, M.},
        title = "{Spectro-astrometry of the pre-transitional star LkCa 15 does not reveal an accreting planet but extended H{\ensuremath{\alpha}} emission}",
      journal = {\aap},
     keywords = {stars: pre-main sequence, protoplanetary disks, stars: individual: LkCa 15, techniques: high angular resolution, techniques: spectroscopic, Astrophysics - Solar and Stellar Astrophysics, Astrophysics - Earth and Planetary Astrophysics, Astrophysics - Instrumentation and Methods for Astrophysics},
         year = 2018,
        month = oct,
       volume = {618},
          eid = {L9},
        pages = {L9},
          doi = {10.1051/0004-6361/201834233},
archivePrefix = {arXiv},
       eprint = {1810.04181},
 primaryClass = {astro-ph.SR},
       adsurl = {https://ui.adsabs.harvard.edu/abs/2018A&A...618L...9M},
      adsnote = {Provided by the SAO/NASA Astrophysics Data System}
}

@ARTICLE{currie2019,
       author = {{Currie}, Thayne and {Marois}, Christian and {Cieza}, Lucas and {Mulders}, Gijs D. and {Lawson}, Kellen and {Caceres}, Claudio and {Rodriguez-Ruiz}, Dary and {Wisniewski}, John and {Guyon}, Olivier and {Brandt}, Timothy D. and {Kasdin}, N. Jeremy and {Groff}, Tyler D. and {Lozi}, Julien and {Chilcote}, Jeffrey and {Hodapp}, Klaus and {Jovanovic}, Nemanja and {Martinache}, Frantz and {Skaf}, Nour and {Lyra}, Wladimir and {Tamura}, Motohide and {Asensio-Torres}, Ruben and {Dong}, Ruobing and {Grady}, Carol and {Gerard}, Benjamin and {Fukagawa}, Misato and {Hand}, Derek and {Hayashi}, Masahiko and {Henning}, Thomas and {Kudo}, Tomoyuki and {Kuzuhara}, Masayuki and {Kwon}, Jungmi and {McElwain}, Michael W. and {Uyama}, Taichi},
        title = "{No Clear, Direct Evidence for Multiple Protoplanets Orbiting LkCa 15: LkCa 15 bcd are Likely Inner Disk Signals}",
      journal = {\apjl},
     keywords = {instrumentation: high angular resolution, planetary systems, stars: individual: LkCa 15, stars: variables: T Tauri, Herbig Ae/Be, techniques: image processing, Astrophysics - Earth and Planetary Astrophysics, Astrophysics - Instrumentation and Methods for Astrophysics, Astrophysics - Solar and Stellar Astrophysics},
         year = 2019,
        month = may,
       volume = {877},
       number = {1},
          eid = {L3},
        pages = {L3},
          doi = {10.3847/2041-8213/ab1b42},
archivePrefix = {arXiv},
       eprint = {1905.04322},
 primaryClass = {astro-ph.EP},
       adsurl = {https://ui.adsabs.harvard.edu/abs/2019ApJ...877L...3C},
      adsnote = {Provided by the SAO/NASA Astrophysics Data System}
}

@ARTICLE{whelan2015,
       author = {{Whelan}, E.~T. and {Hu{\'e}lamo}, N. and {Alcal{\'a}}, J.~M. and {Lillo-Box}, J. and {Bouy}, H. and {Barrado}, D. and {Bouvier}, J. and {Mer{\'\i}n}, B.},
        title = "{Spectro-astrometry of LkCa 15 with X-Shooter: Searching for emission from LkCa 15b}",
      journal = {\aap},
     keywords = {stars: low-mass, binaries: close, planets and satellites: formation, Astrophysics - Solar and Stellar Astrophysics},
         year = 2015,
        month = jul,
       volume = {579},
          eid = {A48},
        pages = {A48},
          doi = {10.1051/0004-6361/201425578},
archivePrefix = {arXiv},
       eprint = {1504.04824},
 primaryClass = {astro-ph.SR},
       adsurl = {https://ui.adsabs.harvard.edu/abs/2015A&A...579A..48W},
      adsnote = {Provided by the SAO/NASA Astrophysics Data System}
}

dataset is not defined, and misc is usually used for this
@misc{wise2014,
       author = {{Cutri}, R.~M. and {Wright}, E.~L. and {Conrow}, T. and {Fowler}, J.~W. and {Eisenhardt}, P.~R.~M. and {Grillmair}, C. and {Kirkpatrick}, J.~D. and {Masci}, F. and {McCallon}, H.~L. and {Wheelock}, S.~L. and {Fajardo-Acosta}, S. and {Yan}, L. and {Benford}, D. and {Harbut}, M. and {Jarrett}, T. and {Lake}, S. and {Leisawitz}, D. and {Ressler}, M.~E. and {Stanford}, S.~A. and {Tsai}, C. -W. and {Liu}, F. and {Helou}, G. and {Mainzer}, A. and {Gettngs}, D. and {Gonzalez}, A. and {Hoffman}, D. and {Marsh}, K.~A. and {Padgett}, D. and {Skrutskie}, M.~F. and {Beck}, R. and {Papin}, M. and {Wittman}, M.},
        title = "{VizieR Online Data Catalog: AllWISE Data Release (Cutri+ 2013)}",
 howpublished = {VizieR On-line Data Catalog: II/328.  Originally published in: IPAC/Caltech (2013)},
         year = 2021,
        month = feb,
          eid = {II/328},
       adsurl = {https://ui.adsabs.harvard.edu/abs/2014yCat.2328....0C},
      adsnote = {Provided by the SAO/NASA Astrophysics Data System}
}


@INPROCEEDINGS{phoenix2003,
       author = {{Baron}, E. and {Hauschildt}, P.~H. and {Allard}, F. and {Lentz}, E.~J. and {Aufdenberg}, J. and {Schweitzer}, A. and {Barman}, T.},
        title = "{Highlights of Stellar Modeling with PHOENIX}",
     keywords = {Astrophysics},
    booktitle = {Modelling of Stellar Atmospheres},
         year = 2003,
       editor = {{Piskunov}, N. and {Weiss}, W.~W. and {Gray}, D.~F.},
       volume = {210},
        month = jan,
        pages = {19},
          doi = {10.48550/arXiv.astro-ph/0209052},
archivePrefix = {arXiv},
       eprint = {astro-ph/0209052},
 primaryClass = {astro-ph},
       adsurl = {https://ui.adsabs.harvard.edu/abs/2003IAUS..210...19B},
      adsnote = {Provided by the SAO/NASA Astrophysics Data System}
}

@ARTICLE{phoenix2008,
       author = {{Helling}, Ch. and {Woitke}, P. and {Thi}, W. -F.},
        title = "{Dust in brown dwarfs and extra-solar planets. I. Chemical composition and spectral appearance of quasi-static cloud layers}",
      journal = {\aap},
     keywords = {stars: atmospheres, stars: low mass, brown dwarfs, methods: numerical, astrochemistry, Astrophysics},
         year = 2008,
        month = jul,
       volume = {485},
       number = {2},
        pages = {547-560},
          doi = {10.1051/0004-6361:20078220},
archivePrefix = {arXiv},
       eprint = {0803.4315},
 primaryClass = {astro-ph},
       adsurl = {https://ui.adsabs.harvard.edu/abs/2008A&A...485..547H},
      adsnote = {Provided by the SAO/NASA Astrophysics Data System}
}

@ARTICLE{phoenix2011,
       author = {{Witte}, S. and {Helling}, Ch. and {Barman}, T. and {Heidrich}, N. and {Hauschildt}, P.~H.},
        title = "{Dust in brown dwarfs and extra-solar planets. III. Testing synthetic spectra on observations}",
      journal = {\aap},
     keywords = {astrochemistry, methods: numerical, stars: atmospheres, stars: low-mass, brown dwarfs},
         year = 2011,
        month = may,
       volume = {529},
          eid = {A44},
        pages = {A44},
          doi = {10.1051/0004-6361/201014105},
       adsurl = {https://ui.adsabs.harvard.edu/abs/2011A&A...529A..44W},
      adsnote = {Provided by the SAO/NASA Astrophysics Data System}
}

@ARTICLE{rubin2022,
       author = {{Rubin}, David and {Aldering}, G. and {Antilogus}, P. and {Aragon}, C. and {Bailey}, S. and {Baltay}, C. and {Bongard}, S. and {Boone}, K. and {Buton}, C. and {Copin}, Y. and {Dixon}, S. and {Fouchez}, D. and {Gangler}, E. and {Gupta}, R. and {Hayden}, B. and {Hillebrandt}, W. and {Kim}, A.~G. and {Kowalski}, M. and {K{\"u}sters}, D. and {L{\'e}get}, P. -F. and {Mondon}, F. and {Nordin}, J. and {Pain}, R. and {Pecontal}, E. and {Pereira}, R. and {Perlmutter}, S. and {Ponder}, K.~A. and {Rabinowitz}, D. and {Rigault}, M. and {Runge}, K. and {Saunders}, C. and {Smadja}, G. and {Suzuki}, N. and {Tao}, C. and {Taubenberger}, S. and {Thomas}, R.~C. and {Vincenzi}, M. and {Nearby Supernova Factory}},
        title = "{Uniform Recalibration of Common Spectrophotometry Standard Stars onto the CALSPEC System Using the SuperNova Integral Field Spectrograph}",
      journal = {\apjs},
     keywords = {Flux calibration, Spectrophotometry, Spectrophotometric standards, 544, 1556, 1555, Astrophysics - Instrumentation and Methods for Astrophysics, Astrophysics - Cosmology and Nongalactic Astrophysics, Astrophysics - Solar and Stellar Astrophysics},
         year = 2022,
        month = nov,
       volume = {263},
       number = {1},
          eid = {1},
        pages = {1},
          doi = {10.3847/1538-4365/ac7b7f},
archivePrefix = {arXiv},
       eprint = {2205.01116},
 primaryClass = {astro-ph.IM},
       adsurl = {https://ui.adsabs.harvard.edu/abs/2022ApJS..263....1R},
      adsnote = {Provided by the SAO/NASA Astrophysics Data System}
}

@Misc{NIST_ASD,
author = {A.~Kramida and {Yu.~Ralchenko} and
J.~Reader and {and NIST ASD Team}},
HOWPUBLISHED = {{NIST Atomic Spectra Database
(ver. 5.11), [Online]. Available:
{\tt{https://physics.nist.gov/asd}} [2024, May 10].
National Institute of Standards and Technology,
Gaithersburg, MD.}},
year = {2023},
}

@ARTICLE{marleau2019,
       author = {{Marleau}, Gabriel-Dominique and {Mordasini}, Christoph and {Kuiper}, Rolf},
        title = "{The Planetary Accretion Shock. II. Grid of Postshock Entropies and Radiative Shock Efficiencies for Nonequilibrium Radiation Transport}",
      journal = {\apj},
     keywords = {accretion, accretion disks, methods: analytical, methods: numerical, planets and satellites: formation, planets and satellites: gaseous planets, radiative transfer, Astrophysics - Earth and Planetary Astrophysics},
         year = 2019,
        month = aug,
       volume = {881},
       number = {2},
          eid = {144},
        pages = {144},
          doi = {10.3847/1538-4357/ab245b},
archivePrefix = {arXiv},
       eprint = {1906.05869},
 primaryClass = {astro-ph.EP},
       adsurl = {https://ui.adsabs.harvard.edu/abs/2019ApJ...881..144M},
      adsnote = {Provided by the SAO/NASA Astrophysics Data System}
}

@ARTICLE{hartmann2016,
       author = {{Hartmann}, Lee and {Herczeg}, Gregory and {Calvet}, Nuria},
        title = "{Accretion onto Pre-Main-Sequence Stars}",
      journal = {\araa},
         year = 2016,
        month = sep,
       volume = {54},
        pages = {135-180},
          doi = {10.1146/annurev-astro-081915-023347},
       adsurl = {https://ui.adsabs.harvard.edu/abs/2016ARA&A..54..135H},
      adsnote = {Provided by the SAO/NASA Astrophysics Data System}
}

@ARTICLE{mamajek2013,
       author = {{Mamajek}, Eric E. and {Bartlett}, Jennifer L. and {Seifahrt}, Andreas and {Henry}, Todd J. and {Dieterich}, Sergio B. and {Lurie}, John C. and {Kenworthy}, Matthew A. and {Jao}, Wei-Chun and {Riedel}, Adric R. and {Subasavage}, John P. and {Winters}, Jennifer G. and {Finch}, Charlie T. and {Ianna}, Philip A. and {Bean}, Jacob},
        title = "{The Solar Neighborhood. XXX. Fomalhaut C}",
      journal = {\aj},
     keywords = {binaries: visual, stars: activity, stars: fundamental parameters, stars: individual: LP 876-10 Fomalhaut TW PsA, stars: rotation, Astrophysics - Solar and Stellar Astrophysics, Astrophysics - Earth and Planetary Astrophysics, Astrophysics - Astrophysics of Galaxies},
         year = 2013,
        month = dec,
       volume = {146},
       number = {6},
          eid = {154},
        pages = {154},
          doi = {10.1088/0004-6256/146/6/154},
archivePrefix = {arXiv},
       eprint = {1310.0764},
 primaryClass = {astro-ph.SR},
       adsurl = {https://ui.adsabs.harvard.edu/abs/2013AJ....146..154M},
      adsnote = {Provided by the SAO/NASA Astrophysics Data System}
}

@ARTICLE{jiang2010,
       author = {{Jiang}, Yan-Fei and {Tremaine}, Scott},
        title = "{The evolution of wide binary stars}",
      journal = {\mnras},
     keywords = {binaries: general, stars: kinematics, Galaxy: kinematics and dynamics, solar neighbourhood, Astrophysics - Galaxy Astrophysics, Astrophysics - Solar and Stellar Astrophysics},
         year = 2010,
        month = jan,
       volume = {401},
       number = {2},
        pages = {977-994},
          doi = {10.1111/j.1365-2966.2009.15744.x},
archivePrefix = {arXiv},
       eprint = {0907.2952},
 primaryClass = {astro-ph.GA},
       adsurl = {https://ui.adsabs.harvard.edu/abs/2010MNRAS.401..977J},
      adsnote = {Provided by the SAO/NASA Astrophysics Data System}
}

@ARTICLE{jayawardhana2003,
       author = {{Jayawardhana}, Ray and {Mohanty}, Subhanjoy and {Basri}, Gibor},
        title = "{Evidence for a T Tauri Phase in Young Brown Dwarfs}",
      journal = {\apj},
     keywords = {Stars: Circumstellar Matter, Stars: Planetary Systems, Stars: Formation, Stars: Low-Mass, Brown Dwarfs, Stars: Pre-Main-Sequence, Techniques: Spectroscopic, Astrophysics},
         year = 2003,
        month = jul,
       volume = {592},
       number = {1},
        pages = {282-287},
          doi = {10.1086/375573},
archivePrefix = {arXiv},
       eprint = {astro-ph/0303565},
 primaryClass = {astro-ph},
       adsurl = {https://ui.adsabs.harvard.edu/abs/2003ApJ...592..282J},
      adsnote = {Provided by the SAO/NASA Astrophysics Data System}
}

@ARTICLE{blakely2022,
       author = {{Blakely}, Dori and {Francis}, Logan and {Johnstone}, Doug and {Soulain}, Anthony and {Tuthill}, Peter and {Cheetham}, Anthony and {Sanchez-Bermudez}, Joel and {Sivaramakrishnan}, Anand and {Dong}, Ruobing and {van der Marel}, Nienke and {Cooper}, Rachel and {Vigan}, Arthur and {Cantalloube}, Faustine},
        title = "{Two Rings and a Marginally Resolved, 5 au Disk around LkCa 15 Identified via Near-infrared Sparse Aperture Masking Interferometry}",
      journal = {\apj},
     keywords = {Protoplanetary disks, Exoplanet detection methods, Planet formation, 1300, 489, 1241, Astrophysics - Earth and Planetary Astrophysics, Astrophysics - Instrumentation and Methods for Astrophysics, Astrophysics - Solar and Stellar Astrophysics},
         year = 2022,
        month = may,
       volume = {931},
       number = {1},
          eid = {3},
        pages = {3},
          doi = {10.3847/1538-4357/ac6586},
archivePrefix = {arXiv},
       eprint = {2204.07055},
 primaryClass = {astro-ph.EP},
       adsurl = {https://ui.adsabs.harvard.edu/abs/2022ApJ...931....3B},
      adsnote = {Provided by the SAO/NASA Astrophysics Data System}
}

@ARTICLE{gaiadr3,
       author = {{Gaia Collaboration} and {Vallenari}, A. and {Brown}, A.~G.~A. and {Prusti}, T. and {de Bruijne}, J.~H.~J. and {Arenou}, F. and {Babusiaux}, C. and {Biermann}, M. and {Creevey}, O.~L. and {Ducourant}, C. and {Evans}, D.~W. and {Eyer}, L. and {Guerra}, R. and {Hutton}, A. and {Jordi}, C. and {Klioner}, S.~A. and {Lammers}, U.~L. and {Lindegren}, L. and {Luri}, X. and {Mignard}, F. and {Panem}, C. and {Pourbaix}, D. and {Randich}, S. and {Sartoretti}, P. and {Soubiran}, C. and {Tanga}, P. and {Walton}, N.~A. and {Bailer-Jones}, C.~A.~L. and {Bastian}, U. and {Drimmel}, R. and {Jansen}, F. and {Katz}, D. and {Lattanzi}, M.~G. and {van Leeuwen}, F. and {Bakker}, J. and {Cacciari}, C. and {Casta{\~n}eda}, J. and {De Angeli}, F. and {Fabricius}, C. and {Fouesneau}, M. and {Fr{\'e}mat}, Y. and {Galluccio}, L. and {Guerrier}, A. and {Heiter}, U. and {Masana}, E. and {Messineo}, R. and {Mowlavi}, N. and {Nicolas}, C. and {Nienartowicz}, K. and {Pailler}, F. and {Panuzzo}, P. and {Riclet}, F. and {Roux}, W. and {Seabroke}, G.~M. and {Sordo}, R. and {Th{\'e}venin}, F. and {Gracia-Abril}, G. and {Portell}, J. and {Teyssier}, D. and {Altmann}, M. and {Andrae}, R. and {Audard}, M. and {Bellas-Velidis}, I. and {Benson}, K. and {Berthier}, J. and {Blomme}, R. and {Burgess}, P.~W. and {Busonero}, D. and {Busso}, G. and {C{\'a}novas}, H. and {Carry}, B. and {Cellino}, A. and {Cheek}, N. and {Clementini}, G. and {Damerdji}, Y. and {Davidson}, M. and {de Teodoro}, P. and {Nu{\~n}ez Campos}, M. and {Delchambre}, L. and {Dell'Oro}, A. and {Esquej}, P. and {Fern{\'a}ndez-Hern{\'a}ndez}, J. and {Fraile}, E. and {Garabato}, D. and {Garc{\'\i}a-Lario}, P. and {Gosset}, E. and {Haigron}, R. and {Halbwachs}, J. -L. and {Hambly}, N.~C. and {Harrison}, D.~L. and {Hern{\'a}ndez}, J. and {Hestroffer}, D. and {Hodgkin}, S.~T. and {Holl}, B. and {Jan{\ss}en}, K. and {Jevardat de Fombelle}, G. and {Jordan}, S. and {Krone-Martins}, A. and {Lanzafame}, A.~C. and {L{\"o}ffler}, W. and {Marchal}, O. and {Marrese}, P.~M. and {Moitinho}, A. and {Muinonen}, K. and {Osborne}, P. and {Pancino}, E. and {Pauwels}, T. and {Recio-Blanco}, A. and {Reyl{\'e}}, C. and {Riello}, M. and {Rimoldini}, L. and {Roegiers}, T. and {Rybizki}, J. and {Sarro}, L.~M. and {Siopis}, C. and {Smith}, M. and {Sozzetti}, A. and {Utrilla}, E. and {van Leeuwen}, M. and {Abbas}, U. and {{\'A}brah{\'a}m}, P. and {Abreu Aramburu}, A. and {Aerts}, C. and {Aguado}, J.~J. and {Ajaj}, M. and {Aldea-Montero}, F. and {Altavilla}, G. and {{\'A}lvarez}, M.~A. and {Alves}, J. and {Anders}, F. and {Anderson}, R.~I. and {Anglada Varela}, E. and {Antoja}, T. and {Baines}, D. and {Baker}, S.~G. and {Balaguer-N{\'u}{\~n}ez}, L. and {Balbinot}, E. and {Balog}, Z. and {Barache}, C. and {Barbato}, D. and {Barros}, M. and {Barstow}, M.~A. and {Bartolom{\'e}}, S. and {Bassilana}, J. -L. and {Bauchet}, N. and {Becciani}, U. and {Bellazzini}, M. and {Berihuete}, A. and {Bernet}, M. and {Bertone}, S. and {Bianchi}, L. and {Binnenfeld}, A. and {Blanco-Cuaresma}, S. and {Blazere}, A. and {Boch}, T. and {Bombrun}, A. and {Bossini}, D. and {Bouquillon}, S. and {Bragaglia}, A. and {Bramante}, L. and {Breedt}, E. and {Bressan}, A. and {Brouillet}, N. and {Brugaletta}, E. and {Bucciarelli}, B. and {Burlacu}, A. and {Butkevich}, A.~G. and {Buzzi}, R. and {Caffau}, E. and {Cancelliere}, R. and {Cantat-Gaudin}, T. and {Carballo}, R. and {Carlucci}, T. and {Carnerero}, M.~I. and {Carrasco}, J.~M. and {Casamiquela}, L. and {Castellani}, M. and {Castro-Ginard}, A. and {Chaoul}, L. and {Charlot}, P. and {Chemin}, L. and {Chiaramida}, V. and {Chiavassa}, A. and {Chornay}, N. and {Comoretto}, G. and {Contursi}, G. and {Cooper}, W.~J. and {Cornez}, T. and {Cowell}, S. and {Crifo}, F. and {Cropper}, M. and {Crosta}, M. and {Crowley}, C. and {Dafonte}, C. and {Dapergolas}, A. and {David}, M. and {David}, P. and {de Laverny}, P. and {De Luise}, F. and {De March}, R. and {De Ridder}, J. and {de Souza}, R. and {de Torres}, A. and {del Peloso}, E.~F. and {del Pozo}, E. and {Delbo}, M. and {Delgado}, A. and {Delisle}, J. -B. and {Demouchy}, C. and {Dharmawardena}, T.~E. and {Di Matteo}, P. and {Diakite}, S. and {Diener}, C. and {Distefano}, E. and {Dolding}, C. and {Edvardsson}, B. and {Enke}, H. and {Fabre}, C. and {Fabrizio}, M. and {Faigler}, S. and {Fedorets}, G. and {Fernique}, P. and {Fienga}, A. and {Figueras}, F. and {Fournier}, Y. and {Fouron}, C. and {Fragkoudi}, F. and {Gai}, M. and {Garcia-Gutierrez}, A. and {Garcia-Reinaldos}, M. and {Garc{\'\i}a-Torres}, M. and {Garofalo}, A. and {Gavel}, A. and {Gavras}, P. and {Gerlach}, E. and {Geyer}, R. and {Giacobbe}, P. and {Gilmore}, G. and {Girona}, S. and {Giuffrida}, G. and {Gomel}, R. and {Gomez}, A. and {Gonz{\'a}lez-N{\'u}{\~n}ez}, J. and {Gonz{\'a}lez-Santamar{\'\i}a}, I. and {Gonz{\'a}lez-Vidal}, J.~J. and {Granvik}, M. and {Guillout}, P. and {Guiraud}, J. and {Guti{\'e}rrez-S{\'a}nchez}, R. and {Guy}, L.~P. and {Hatzidimitriou}, D. and {Hauser}, M. and {Haywood}, M. and {Helmer}, A. and {Helmi}, A. and {Sarmiento}, M.~H. and {Hidalgo}, S.~L. and {Hilger}, T. and {H{\l}adczuk}, N. and {Hobbs}, D. and {Holland}, G. and {Huckle}, H.~E. and {Jardine}, K. and {Jasniewicz}, G. and {Jean-Antoine Piccolo}, A. and {Jim{\'e}nez-Arranz}, {\'O}. and {Jorissen}, A. and {Juaristi Campillo}, J. and {Julbe}, F. and {Karbevska}, L. and {Kervella}, P. and {Khanna}, S. and {Kontizas}, M. and {Kordopatis}, G. and {Korn}, A.~J. and {K{\'o}sp{\'a}l}, {\'A}. and {Kostrzewa-Rutkowska}, Z. and {Kruszy{\'n}ska}, K. and {Kun}, M. and {Laizeau}, P. and {Lambert}, S. and {Lanza}, A.~F. and {Lasne}, Y. and {Le Campion}, J. -F. and {Lebreton}, Y. and {Lebzelter}, T. and {Leccia}, S. and {Leclerc}, N. and {Lecoeur-Taibi}, I. and {Liao}, S. and {Licata}, E.~L. and {Lindstr{\o}m}, H.~E.~P. and {Lister}, T.~A. and {Livanou}, E. and {Lobel}, A. and {Lorca}, A. and {Loup}, C. and {Madrero Pardo}, P. and {Magdaleno Romeo}, A. and {Managau}, S. and {Mann}, R.~G. and {Manteiga}, M. and {Marchant}, J.~M. and {Marconi}, M. and {Marcos}, J. and {Marcos Santos}, M.~M.~S. and {Mar{\'\i}n Pina}, D. and {Marinoni}, S. and {Marocco}, F. and {Marshall}, D.~J. and {Martin Polo}, L. and {Mart{\'\i}n-Fleitas}, J.~M. and {Marton}, G. and {Mary}, N. and {Masip}, A. and {Massari}, D. and {Mastrobuono-Battisti}, A. and {Mazeh}, T. and {McMillan}, P.~J. and {Messina}, S. and {Michalik}, D. and {Millar}, N.~R. and {Mints}, A. and {Molina}, D. and {Molinaro}, R. and {Moln{\'a}r}, L. and {Monari}, G. and {Mongui{\'o}}, M. and {Montegriffo}, P. and {Montero}, A. and {Mor}, R. and {Mora}, A. and {Morbidelli}, R. and {Morel}, T. and {Morris}, D. and {Muraveva}, T. and {Murphy}, C.~P. and {Musella}, I. and {Nagy}, Z. and {Noval}, L. and {Oca{\~n}a}, F. and {Ogden}, A. and {Ordenovic}, C. and {Osinde}, J.~O. and {Pagani}, C. and {Pagano}, I. and {Palaversa}, L. and {Palicio}, P.~A. and {Pallas-Quintela}, L. and {Panahi}, A. and {Payne-Wardenaar}, S. and {Pe{\~n}alosa Esteller}, X. and {Penttil{\"a}}, A. and {Pichon}, B. and {Piersimoni}, A.~M. and {Pineau}, F. -X. and {Plachy}, E. and {Plum}, G. and {Poggio}, E. and {Pr{\v{s}}a}, A. and {Pulone}, L. and {Racero}, E. and {Ragaini}, S. and {Rainer}, M. and {Raiteri}, C.~M. and {Rambaux}, N. and {Ramos}, P. and {Ramos-Lerate}, M. and {Re Fiorentin}, P. and {Regibo}, S. and {Richards}, P.~J. and {Rios Diaz}, C. and {Ripepi}, V. and {Riva}, A. and {Rix}, H. -W. and {Rixon}, G. and {Robichon}, N. and {Robin}, A.~C. and {Robin}, C. and {Roelens}, M. and {Rogues}, H.~R.~O. and {Rohrbasser}, L. and {Romero-G{\'o}mez}, M. and {Rowell}, N. and {Royer}, F. and {Ruz Mieres}, D. and {Rybicki}, K.~A. and {Sadowski}, G. and {S{\'a}ez N{\'u}{\~n}ez}, A. and {Sagrist{\`a} Sell{\'e}s}, A. and {Sahlmann}, J. and {Salguero}, E. and {Samaras}, N. and {Sanchez Gimenez}, V. and {Sanna}, N. and {Santove{\~n}a}, R. and {Sarasso}, M. and {Schultheis}, M. and {Sciacca}, E. and {Segol}, M. and {Segovia}, J.~C. and {S{\'e}gransan}, D. and {Semeux}, D. and {Shahaf}, S. and {Siddiqui}, H.~I. and {Siebert}, A. and {Siltala}, L. and {Silvelo}, A. and {Slezak}, E. and {Slezak}, I. and {Smart}, R.~L. and {Snaith}, O.~N. and {Solano}, E. and {Solitro}, F. and {Souami}, D. and {Souchay}, J. and {Spagna}, A. and {Spina}, L. and {Spoto}, F. and {Steele}, I.~A. and {Steidelm{\"u}ller}, H. and {Stephenson}, C.~A. and {S{\"u}veges}, M. and {Surdej}, J. and {Szabados}, L. and {Szegedi-Elek}, E. and {Taris}, F. and {Taylor}, M.~B. and {Teixeira}, R. and {Tolomei}, L. and {Tonello}, N. and {Torra}, F. and {Torra}, J. and {Torralba Elipe}, G. and {Trabucchi}, M. and {Tsounis}, A.~T. and {Turon}, C. and {Ulla}, A. and {Unger}, N. and {Vaillant}, M.~V. and {van Dillen}, E. and {van Reeven}, W. and {Vanel}, O. and {Vecchiato}, A. and {Viala}, Y. and {Vicente}, D. and {Voutsinas}, S. and {Weiler}, M. and {Wevers}, T. and {Wyrzykowski}, {\L}. and {Yoldas}, A. and {Yvard}, P. and {Zhao}, H. and {Zorec}, J. and {Zucker}, S. and {Zwitter}, T.},
        title = "{Gaia Data Release 3. Summary of the content and survey properties}",
      journal = {\aap},
     keywords = {techniques: photometric, techniques: spectroscopic, techniques: radial velocities, catalogs, astrometry, parallaxes, Astrophysics - Astrophysics of Galaxies},
         year = 2023,
        month = jun,
       volume = {674},
          eid = {A1},
        pages = {A1},
          doi = {10.1051/0004-6361/202243940},
archivePrefix = {arXiv},
       eprint = {2208.00211},
 primaryClass = {astro-ph.GA},
       adsurl = {https://ui.adsabs.harvard.edu/abs/2023A&A...674A...1G},
      adsnote = {Provided by the SAO/NASA Astrophysics Data System}
}

@ARTICLE{lang16,
       author = {{Lang}, Dustin and {Hogg}, David W. and {Schlegel}, David J.},
        title = "{WISE Photometry for 400 Million SDSS Sources}",
      journal = {\aj},
     keywords = {catalogs, methods: data analysis, surveys, techniques: image processing, Astrophysics - Instrumentation and Methods for Astrophysics, Astrophysics - Astrophysics of Galaxies},
         year = 2016,
        month = feb,
       volume = {151},
       number = {2},
          eid = {36},
        pages = {36},
          doi = {10.3847/0004-6256/151/2/36},
archivePrefix = {arXiv},
       eprint = {1410.7397},
 primaryClass = {astro-ph.IM},
       adsurl = {https://ui.adsabs.harvard.edu/abs/2016AJ....151...36L},
      adsnote = {Provided by the SAO/NASA Astrophysics Data System}
}