@article{Hills1988Nature,
  title={Hyper-velocity and tidal stars from binaries disrupted by a massive Galactic black hole},
  author={Hills, Jack G},
  journal={Nature},
  volume={331},
  number={6158},
  pages={687--689},
  year={1988},
  publisher={Nature Publishing Group UK London}
}
@article{Mandel2015ApJL,
  title={Double tidal disruptions in galactic nuclei},
  author={Mandel, Ilya and Levin, Yuri},
  journal={The Astrophysical Journal Letters},
  volume={805},
  number={1},
  pages={L4},
  year={2015},
  publisher={IOP Publishing}
}

@article{Ginsburg2007MNRAS,
  title={Hypervelocity collisions of binary stars at the Galactic Centre},
  author={Ginsburg, Idan and Loeb, Abraham},
  journal={Monthly Notices of the Royal Astronomical Society},
  volume={376},
  number={2},
  pages={492--496},
  year={2007},
  publisher={The Royal Astronomical Society}
}

@article{Antonini2010ApJ,
  title={Tidal breakup of binary stars at the Galactic center and its consequences},
  author={Antonini, Fabio and Faber, Joshua and Gualandris, Alessia and Merritt, David},
  journal={The Astrophysical Journal},
  volume={713},
  number={1},
  pages={90},
  year={2010},
  publisher={IOP Publishing}
}

@article{Liu2018ApJ,
  title={Black hole and neutron star binary mergers in triple systems: Merger fraction and spin--orbit misalignment},
  author={Liu, Bin and Lai, Dong},
  journal={The Astrophysical Journal},
  volume={863},
  number={1},
  pages={68},
  year={2018},
  publisher={IOP Publishing}
}

@article{Benz1987ApJ,
  title={Three-dimensional hydrodynamical simulations of stellar collisions. I-Equal-mass main-sequence stars},
  author={Benz, Willy and Hills, Jack G},
  journal={Astrophysical Journal, Part 1 (ISSN 0004-637X), vol. 323, Dec. 15, 1987, p. 614-628. SNSF-supported research.},
  volume={323},
  pages={614--628},
  year={1987}
}

@article{Freitag2005MNRAS,
  title={A comprehensive set of simulations of high-velocity collisions between main-sequence stars},
  author={Freitag, Marc and Benz, Willy},
  journal={Monthly Notices of the Royal Astronomical Society},
  volume={358},
  number={4},
  pages={1133--1158},
  year={2005},
  publisher={The Royal Astronomical Society}
}

@article{Nauenberg1972ApJ,
  title={Analytic approximations to the mass-radius relation and energy of zero-temperature stars},
  author={Nauenberg, Michael},
  journal={Astrophysical Journal, vol. 175, p. 417},
  volume={175},
  pages={417},
  year={1972}
}

@article{Guillochon2013ApJ,
  title={Hydrodynamical simulations to determine the feeding rate of black holes by the tidal disruption of stars: the importance of the impact parameter and stellar structure},
  author={Guillochon, James and Ramirez-Ruiz, Enrico},
  journal={The Astrophysical Journal},
  volume={767},
  number={1},
  pages={25},
  year={2013},
  publisher={IOP Publishing}
}

@article{cufari2022ApJL,
  title={Using the Hills mechanism to generate repeating partial tidal disruption events and ASASSN-14ko},
  author={Cufari, M and Coughlin, Eric R and Nixon, CJ},
  journal={The Astrophysical Journal Letters},
  volume={929},
  number={2},
  pages={L20},
  year={2022},
  publisher={IOP Publishing}
}

@article{Rees1988nature,
  title={Tidal disruption of stars by black holes of 106--108 solar masses in nearby galaxies},
  author={Rees, Martin J},
  journal={Nature},
  volume={333},
  number={6173},
  pages={523--528},
  year={1988},
  publisher={Nature Publishing Group UK London}
}

@article{Lodato2009MNRAS,
  title={Stellar disruption by a supermassive black hole: is the light curve really proportional to t- 5/3?},
  author={Lodato, G and King, AR and Pringle, JE},
  journal={Monthly Notices of the Royal Astronomical Society},
  volume={392},
  number={1},
  pages={332--340},
  year={2009},
  publisher={Blackwell Publishing Ltd Oxford, UK}
}

@ARTICLE{Lai1993ApJ,
       author = {{Lai}, Dong and {Rasio}, Frederic A. and {Shapiro}, Stuart L.},
        title = "{Collisions and Close Encounters between Massive Main-Sequence Stars}",
      journal = {\apj},
     keywords = {Globular Clusters, Main Sequence Stars, Massive Stars, Stellar Mass Ejection, Stellar Motions, Density Distribution, Galactic Nuclei, Stellar Interiors, Astrophysics, CELESTIAL MECHANICS, STELLAR DYNAMICS, GALAXY: GLOBULAR CLUSTERS: GENERAL, GALAXIES: NUCLEI, HYDRODYNAMICS, STARS: INTERIORS, STARS: MASS LOSS},
         year = 1993,
        month = aug,
       volume = {412},
        pages = {593},
          doi = {10.1086/172946},
       adsurl = {https://ui.adsabs.harvard.edu/abs/1993ApJ...412..593L},
      adsnote = {Provided by the SAO/NASA Astrophysics Data System}
}

@article{Alexander2017ARAA,
  title={Stellar dynamics and stellar phenomena near a massive black hole},
  author={Alexander, Tal},
  journal={Annual Review of Astronomy and Astrophysics},
  volume={55},
  number={1},
  pages={17--57},
  year={2017},
  publisher={Annual Reviews}
}

@article{Stone2020SSRv,
  title={Rates of stellar tidal disruption},
  author={Stone, Nicholas C and Vasiliev, Eugene and Kesden, Michael and Rossi, Elena M and Perets, Hagai B and Amaro-Seoane, Pau},
  journal={Space Science Reviews},
  volume={216},
  pages={1--48},
  year={2020},
  publisher={Springer}
}

@article{Van2020SSRv,
  title={Optical-ultraviolet tidal disruption events},
  author={van Velzen, Sjoert and Holoien, Thomas W-S and Onori, Francesca and Hung, Tiara and Arcavi, Iair},
  journal={Space science reviews},
  volume={216},
  pages={1--33},
  year={2020},
  publisher={Springer}
}

@article{Gezari2021ARAA,
  title={Tidal disruption events},
  author={Gezari, Suvi},
  journal={Annual Review of Astronomy and Astrophysics},
  volume={59},
  number={1},
  pages={21--58},
  year={2021},
  publisher={Annual Reviews}
}

@article{Brown2005ApJ,
  title={Discovery of an unbound hypervelocity star in the Milky Way halo},
  author={Brown, Warren R and Geller, Margaret J and Kenyon, Scott J and Kurtz, Michael J},
  journal={The Astrophysical Journal},
  volume={622},
  number={1},
  pages={L33},
  year={2005},
  publisher={IOP Publishing}
}

@article{Yu2003ApJ,
  title={Ejection of hypervelocity stars by the (binary) black hole in the Galactic center},
  author={Yu, Qingjuan and Tremaine, Scott},
  journal={The Astrophysical Journal},
  volume={599},
  number={2},
  pages={1129},
  year={2003},
  publisher={IOP Publishing}
}

@article{Somalwar2023arXiv,
  title={The first systematically identified repeating partial tidal disruption event},
  author={Somalwar, Jean J and Ravi, Vikram and Yao, Yuhan and Guolo, Muriel and Graham, Matthew and Hammerstein, Erica and Lu, Wenbin and Nicholl, Matt and Sharma, Yashvi and Stein, Robert and others},
  journal={arXiv preprint arXiv:2310.03782},
  year={2023}
}

@article{Lu2023MNRAS,
  title={Quasi-periodic eruptions from mildly eccentric unstable mass transfer in galactic nuclei},
  author={Lu, Wenbin and Quataert, Eliot},
  journal={Monthly Notices of the Royal Astronomical Society},
  volume={524},
  number={4},
  pages={6247--6266},
  year={2023},
  publisher={Oxford University Press}
}

@article{Linial2023ApJ,
  title={Unstable mass transfer from a main-sequence star to a supermassive black hole and quasiperiodic eruptions},
  author={Linial, Itai and Sari, Reâ€™em},
  journal={The Astrophysical Journal},
  volume={945},
  number={2},
  pages={86},
  year={2023},
  publisher={IOP Publishing}
}

@article{Zhou2024arXiv,
  title={Probing orbits of stellar mass objects deep in galactic nuclei with quasi-periodic eruptions--II: population analysis},
  author={Zhou, Cong and Zhong, Binyu and Zeng, Yuhe and Huang, Lei and Pan, Zhen},
  journal={arXiv preprint arXiv:2405.06429},
  year={2024}
}

@article{Gualandris2005MNRAS,
  title={Three-body encounters in the Galactic Centre: the origin of the hypervelocity star SDSS J090745. 0+ 024507},
  author={Gualandris, Alessia and Portegies Zwart, Simon and Sipior, Michael S},
  journal={Monthly Notices of the Royal Astronomical Society},
  volume={363},
  number={1},
  pages={223--228},
  year={2005},
  publisher={Blackwell Science Ltd Oxford, UK}
}

@article{Bromley2006ApJ,
  title={Hypervelocity stars: Predicting the spectrum of ejection velocities},
  author={Bromley, Benjamin C and Kenyon, Scott J and Geller, Margaret J and Barcikowski, Elliott and Brown, Warren R and Kurtz, Michael J},
  journal={The Astrophysical Journal},
  volume={653},
  number={2},
  pages={1194},
  year={2006},
  publisher={IOP Publishing}
}

@article{Ginsburg2006MNRAS,
  title={The fate of former companions to hypervelocity stars originating at the Galactic Centre},
  author={Ginsburg, Idan and Loeb, Abraham},
  journal={Monthly Notices of the Royal Astronomical Society},
  volume={368},
  number={1},
  pages={221--225},
  year={2006},
  publisher={Blackwell Publishing Ltd Oxford, UK}
}

@article{Sesana2007ApJ,
  title={Interaction of massive black hole binaries with their stellar environment. II. Loss cone depletion and binary orbital decay},
  author={Sesana, Alberto and Haardt, Francesco and Madau, Piero},
  journal={The Astrophysical Journal},
  volume={660},
  number={1},
  pages={546},
  year={2007},
  publisher={IOP Publishing}
}

@article{Payne2021ApJ,
  title={ASASSN-14ko is a periodic nuclear transient in ESO 253-G003},
  author={Payne, Anna V and Shappee, Benjamin J and Hinkle, Jason T and Vallely, Patrick J and Kochanek, Christopher S and Holoien, Thomas W-S and Auchettl, Katie and Stanek, KZ and Thompson, Todd A and Neustadt, Jack MM and others},
  journal={The Astrophysical Journal},
  volume={910},
  number={2},
  pages={125},
  year={2021},
  publisher={IOP Publishing}
}
  
@article{Payne2022ApJ,
  title={The rapid X-ray and UV evolution of ASASSN-14ko},
  author={Payne, Anna V and Shappee, Benjamin J and Hinkle, Jason T and Holoien, Thomas W-S and Auchettl, Katie and Kochanek, Christopher S and Stanek, KZ and Thompson, Todd A and Tucker, Michael A and Armstrong, James D and others},
  journal={The Astrophysical Journal},
  volume={926},
  number={2},
  pages={142},
  year={2022},
  publisher={IOP Publishing}
}

@article{Payne2023ApJ,
  title={Chandra, HST/STIS, NICER, Swift, and TESS detail the flare evolution of the repeating nuclear transient ASASSN-14ko},
  author={Payne, Anna V and Auchettl, Katie and Shappee, Benjamin J and Kochanek, Christopher S and Boyd, Patricia T and Holoien, Thomas W-S and Fausnaugh, Michael M and Ashall, Chris and Hinkle, Jason T and Vallely, Patrick J and others},
  journal={The Astrophysical Journal},
  volume={951},
  number={2},
  pages={134},
  year={2023},
  publisher={IOP Publishing}
}

@article{Huang2023ApJL,
  title={Dissonance in harmony: The UV/optical periodic outbursts of ASASSN-14ko exhibit repeated bumps and rebrightenings},
  author={Huang, Shifeng and Jiang, Ning and Shen, Rong-Feng and Wang, Tinggui and Sheng, Zhenfeng},
  journal={The Astrophysical Journal Letters},
  volume={956},
  number={2},
  pages={L46},
  year={2023},
  publisher={IOP Publishing}
}


@article{Liu2023AA,
  title={Deciphering the extreme X-ray variability of the nuclear transient eRASSt J045650. 3- 203750-A likely repeating partial tidal disruption event},
  author={Liu, Zhu and Malyali, A and Krumpe, M and Homan, D and Goodwin, AJ and Grotova, I and Kawka, A and Rau, A and Merloni, A and Anderson, GE and others},
  journal={Astronomy \& Astrophysics},
  volume={669},
  pages={A75},
  year={2023},
  publisher={EDP Sciences}
}

@article{Liu2024AA,
  title={Rapid evolution of the recurrence time in the repeating partial tidal disruption event eRASSt J045650. 3- 203750},
  author={Liu, Zhu and Ryu, Taeho and Goodwin, AJ and Rau, A and Homan, D and Krumpe, M and Merloni, A and Grotova, I and Anderson, GE and Malyali, A and others},
  journal={Astronomy \& Astrophysics},
  volume={683},
  pages={L13},
  year={2024},
  publisher={EDP Sciences}
}

@article{Wevers2023ApJL,
  title={Live to die another day: the rebrightening of AT 2018fyk as a repeating partial tidal disruption event},
  author={Wevers, T and Coughlin, ER and Pasham, DR and Guolo, M and Sun, Y and Wen, S and Jonker, PG and Zabludoff, A and Malyali, A and Arcodia, R and others},
  journal={The Astrophysical Journal Letters},
  volume={942},
  number={2},
  pages={L33},
  year={2023},
  publisher={IOP Publishing}
}

@article{Hampel2022RAA,
  title={A new X-ray tidal disruption event candidate with fast variability},
  author={Hampel, J and Komossa, S and Greiner, J and Reiprich, TH and Freyberg, M and Erben, T},
  journal={Research in Astronomy and Astrophysics},
  volume={22},
  number={5},
  pages={055004},
  year={2022},
  publisher={IOP Publishing}
}

@article{Malyali2023MNRAS,
  title={The rebrightening of a ROSAT-selected tidal disruption event: repeated weak partial disruption flares from a quiescent galaxy?},
  author={Malyali, A and Liu, Z and Rau, A and Grotova, I and Merloni, A and Goodwin, AJ and Anderson, GE and Miller-Jones, JCA and Kawka, A and Arcodia, R and others},
  journal={Monthly Notices of the Royal Astronomical Society},
  volume={520},
  number={3},
  pages={3549--3559},
  year={2023},
  publisher={Oxford University Press}
}

@article{Peters1964PR,
  title={Gravitational radiation and the motion of two point masses},
  author={Peters, Philip Carl},
  journal={Physical Review},
  volume={136},
  number={4B},
  pages={B1224},
  year={1964},
  publisher={APS}
}

@article{Lin2024ApJL,
  title={The unluckiest star: A spectroscopically confirmed repeated partial tidal disruption event AT 2022dbl},
  author={Lin, Zheyu and Jiang, Ning and Wang, Tinggui and Kong, Xu and Li, Dongyue and He, Han and Wang, Yibo and Zhu, Jiazheng and Li, Wentao and Jiang, Ji-an and others},
  journal={The Astrophysical Journal Letters},
  volume={971},
  number={1},
  pages={L26},
  year={2024},
  publisher={IOP Publishing}
}

@article{Gould2003ApJ,
  title={Sagittarius A* companion S0-2: a probe of very high mass star formation},
  author={Gould, Andrew and Quillen, Alice C},
  journal={The Astrophysical Journal},
  volume={592},
  number={2},
  pages={935},
  year={2003},
  publisher={IOP Publishing}
}

@article{Sari2010ApJ,
doi = {10.1088/0004-637X/708/1/605},
url = {https://dx.doi.org/10.1088/0004-637X/708/1/605},
year = {2009},
month = {dec},
publisher = {The American Astronomical Society},
volume = {708},
number = {1},
pages = {605},
author = {Re'em Sari and Shiho Kobayashi and Elena M. Rossi},
title = {HYPERVELOCITY STARS AND THE RESTRICTED PARABOLIC THREE-BODY PROBLEM},
journal = {The Astrophysical Journal},
}

@article{Brown2018MNRAS,
  title={Tidal disruption of inclined or eccentric binaries by massive black holes},
  author={Brown, Harriet and Kobayashi, Shiho and Rossi, Elena M and Sari, Reâ€™em},
  journal={Monthly Notices of the Royal Astronomical Society},
  volume={477},
  number={4},
  pages={5682--5691},
  year={2018},
  publisher={Oxford University Press}
}


@ARTICLE{rebound,
       author = {{Rein}, H. and {Liu}, S. -F.},
        title = "{REBOUND: an open-source multi-purpose N-body code for collisional dynamics}",
      journal = {\aap},
     keywords = {methods: numerical, planets and satellites: rings, protoplanetary disks, Astrophysics - Earth and Planetary Astrophysics, Astrophysics - Instrumentation and Methods for Astrophysics, Mathematics - Dynamical Systems, Physics - Computational Physics},
         year = 2012,
        month = jan,
       volume = {537},
          eid = {A128},
        pages = {A128},
          doi = {10.1051/0004-6361/201118085},
archivePrefix = {arXiv},
       eprint = {1110.4876},
 primaryClass = {astro-ph.EP},
       adsurl = {https://ui.adsabs.harvard.edu/abs/2012A\&A...537A.128R},
      adsnote = {Provided by the SAO/NASA Astrophysics Data System}
}
@ARTICLE{reboundias15,
       author = {{Rein}, Hanno and {Spiegel}, David S.},
        title = "{IAS15: a fast, adaptive, high-order integrator for gravitational dynamics, accurate to machine precision over a billion orbits}",
      journal = {\mnras},
     keywords = {gravitation, methods: numerical, planets and satellites: dynamical evolution and stability, Astrophysics - Earth and Planetary Astrophysics, Astrophysics - Instrumentation and Methods for Astrophysics, Astrophysics - Solar and Stellar Astrophysics, Mathematics - Numerical Analysis},
         year = 2015,
        month = jan,
       volume = {446},
       number = {2},
        pages = {1424-1437},
          doi = {10.1093/mnras/stu2164},
archivePrefix = {arXiv},
       eprint = {1409.4779},
 primaryClass = {astro-ph.EP},
       adsurl = {https://ui.adsabs.harvard.edu/abs/2015MNRAS.446.1424R},
      adsnote = {Provided by the SAO/NASA Astrophysics Data System}
}

## Python Stuff

@ARTICLE{Hunter2007,
       author = {{Hunter}, John D.},
        title = "{Matplotlib: A 2D Graphics Environment}",
      journal = {Computing in Science and Engineering},
     keywords = {Python, Scripting languages, Application development, Scientific programming},
         year = 2007,
        month = may,
       volume = {9},
       number = {3},
        pages = {90-95},
          doi = {10.1109/MCSE.2007.55},
       adsurl = {https://ui.adsabs.harvard.edu/abs/2007CSE.....9...90H},
      adsnote = {Provided by the SAO/NASA Astrophysics Data System}
}


@ARTICLE{Walt2011,
       author = {{van der Walt}, St{\'e}fan and {Colbert}, S. Chris and {Varoquaux}, Ga{\"e}l},
        title = "{The NumPy Array: A Structure for Efficient Numerical Computation}",
      journal = {Computing in Science and Engineering},
     keywords = {Computer Science - Mathematical Software},
         year = 2011,
        month = mar,
       volume = {13},
       number = {2},
        pages = {22-30},
          doi = {10.1109/MCSE.2011.37},
archivePrefix = {arXiv},
       eprint = {1102.1523},
 primaryClass = {cs.MS},
       adsurl = {https://ui.adsabs.harvard.edu/abs/2011CSE....13b..22V},
      adsnote = {Provided by the SAO/NASA Astrophysics Data System}
}