@article{bishop2011light,
  title     = {The light field camera: Extended depth of field, aliasing, and superresolution},
  author    = {Bishop, Tom E and Favaro, Paolo},
  journal   = {IEEE Transactions on Pattern Analysis and Machine Intelligence},
  volume    = {34},
  number    = {5},
  pages     = {972--986},
  year      = {2011},
  publisher = {IEEE}
}

@inproceedings{caballeroVESPCN_CVPR2017,
  title     = {Real-Time Video Super-Resolution with Spatio-Temporal Networks and Motion Compensation},
  booktitle = {Proceedings of the {{IEEE Conference}} on {{Computer Vision}} and {{Pattern Recognition}}},
  author    = {Caballero, Jose and Ledig, Christian and Aitken, Andrew and Acosta, Alejandro and Totz, Johannes and Wang, Zehan and Shi, Wenzhe},
  year      = {2017},
  pages     = {4778--4787}
}

@inproceedings{chengSESR_ICPR2018,
  title     = {{{SESR}}: {{Single Image Super Resolution}} with {{Recursive Squeeze}} and {{Excitation Networks}}},
  isbn      = {978-1-5386-3788-3},
  booktitle = {2018 24th {{International Conference}} on {{Pattern Recognition}} ({{ICPR}})},
  publisher = {{IEEE}},
  author    = {Cheng, Xi and Li, Xiang and Yang, Jian and Tai, Ying},
  month     = aug,
  year      = {2018},
  pages     = {147-152}
}

@inproceedings{cholletXception_CVPR2017,
  title      = {Xception: Deep Learning with Depthwise Separable Convolutions},
  shorttitle = {Xception},
  booktitle  = {Proceedings of the IEEE Conference on Computer Vision and Pattern Recognition},
  author     = {Chollet, Fran{\c c}ois},
  year       = {2017},
  pages      = {1251--1258}
}


@inproceedings{DanelljanECO_CVPR2016,
  title     = {ECO: efficient convolution operators for tracking},
  author    = {Danelljan, Martin and Bhat, Goutam and Shahbaz Khan, Fahad and Felsberg, Michael},
  booktitle = {Proceedings of the IEEE conference on computer vision and pattern recognition},
  pages     = {6638--6646},
  year      = {2017}
}



@inproceedings{dongSRCNN_ECCV2014,
  title     = {Learning a Deep Convolutional Network for Image Super-Resolution},
  booktitle = {European Conference on Computer Vision},
  author    = {Dong, Chao and Loy, Chen Change and He, Kaiming and Tang, Xiaoou},
  year      = {2014},
  volume    = {8689},
  pages     = {184--199},
  isbn      = {978-3-319-10592-5}
}


@inproceedings{fiss2014refocusing,
  title        = {Refocusing plenoptic images using depth-adaptive splatting},
  author       = {Fiss, Juliet and Curless, Brian and Szeliski, Richard},
  booktitle    = {2014 IEEE international conference on computational photography (ICCP)},
  pages        = {1--9},
  year         = {2014},
  organization = {IEEE}
}




@inproceedings{fu2018dual,
  title     = {Dual {{Attention Network}} for {{Scene Segmentation}}},
  booktitle = {The {{IEEE Conference}} on {{Computer Vision}} and {{Pattern Recognition}} ({{CVPR}})},
  author    = {Fu, Jun and Liu, Jing and Tian, Haijie and Li, Yong and Bao, Yongjun and Fang, Zhiwei and Lu, Hanqing and Jun Fu Jing Liu, Haijie Tian Yong Li Yongjun Bao Zhiwei Fang and Lu, Hanqing},
  month     = sep,
  year      = {2019},
  pages     = {3146--3154}
}



@article{gul2018spatial,
  title     = {Spatial and angular resolution enhancement of light fields using convolutional neural networks},
  author    = {Gul, M Shahzeb Khan and Gunturk, Bahadir K},
  journal   = {IEEE Transactions on Image Processing},
  volume    = {27},
  number    = {5},
  pages     = {2146--2159},
  year      = {2018},
  publisher = {IEEE}
}


@inproceedings{heberShapeFC2016,
  title     = {Convolutional {{Networks}} for {{Shape}} from {{Light Field}}},
  isbn      = {978-1-4673-8851-1},
  booktitle = {2016 {{IEEE Conference}} on {{Computer Vision}} and {{Pattern Recognition}} ({{CVPR}})},
  author    = {Heber, Stefan and Pock, Thomas},
  year      = {2016},
  pages     = {3746-3754}
}


@inproceedings{heberUshapeBMVC2016,
  title     = {U-Shaped {{Networks}} for {{Shape}} from {{Light Field}}},
  volume    = {1},
  isbn      = {1-901725-59-6},
  booktitle = {Procedings of the {{British Machine Vision Conference}} 2016},
  author    = {Heber, Stefan and Yu, Wei and Pock, Thomas},
  year      = {2016},
  pages     = {37.1-37.12}
}



@inproceedings{heberUshapeICCV2017,
  title     = {Neural {{EPI}}-{{Volume Networks}} for {{Shape}} from {{Light Field}}},
  booktitle = {Proceedings of the {{IEEE International Conference}} on {{Computer Vision}}},
  author    = {Heber, Stefan and Yu, Wei and Pock, Thomas},
  year      = {2017},
  pages     = {2271-2279}
}



@inproceedings{heResNet_CVPR2016,
  title     = {Deep {{Residual Learning}} for {{Image Recognition}}},
  isbn      = {978-1-4673-8851-1},
  booktitle = {2016 {{IEEE Conference}} on {{Computer Vision}} and {{Pattern Recognition}} ({{CVPR}})},
  author    = {He, Kaiming and Zhang, Xiangyu and Ren, Shaoqing and Sun, Jian},
  year      = {2016},
  pages     = {770-778}
}


@inproceedings{hore2010PSNRvsSSIM,
  title        = {Image quality metrics: PSNR vs. SSIM},
  author       = {Hore, Alain and Ziou, Djemel},
  booktitle    = {2010 20th International Conference on Pattern Recognition},
  pages        = {2366--2369},
  year         = {2010},
  organization = {IEEE}
}






@inproceedings{huang2015light,
  title     = {The Light Field Stereoscope.},
  isbn      = {978-1-4503-3331-3},
  booktitle = {{{SIGGRAPH Emerging Technologies}}},
  author    = {Wetzstein, F. Huang {and} K. Chen {and} G and Huang, Fu-Chung and Luebke, David P and Wetzstein, Gordon},
  year      = {2015},
  pages     = {21-24}
}



@inproceedings{huangDenseNet_CVPR2017,
  title     = {Densely {{Connected Convolutional Networks}}},
  booktitle = {Proceedings of the {{IEEE Conference}} on {{Computer Vision}} and {{Pattern Recognition}}},
  year      = {2017},
  pages     = {4700-4708},
  author    = {Huang, Gao and Liu, Zhuang and van der Maaten, Laurens and Weinberger, Kilian Q.}
}

@inproceedings{huSENet_CVPR2018,
  title     = {Squeeze-and-{{Excitation Networks}}},
  isbn      = {978-1-5386-6420-9},
  booktitle = {2018 {{IEEE}}/{{CVF Conference}} on {{Computer Vision}} and {{Pattern Recognition}}},
  publisher = {{IEEE}},
  author    = {Hu, Jie and Shen, Li and Sun, Gang},
  month     = jun,
  year      = {2018},
  pages     = {7132-7141}
}

@inproceedings{ilgFlowNet2_CVPR2017,
  title      = {{{FlowNet}} 2.0: {{Evolution}} of {{Optical Flow Estimation}} with {{Deep Networks}}},
  shorttitle = {{{FlowNet}} 2.0},
  booktitle  = {2017 {{IEEE Conference}} on {{Computer Vision}} and {{Pattern Recognition}} ({{CVPR}})},
  doi        = {10.1109/CVPR.2017.179},
  author     = {Ilg, E. and Mayer, N. and Saikia, T. and Keuper, M. and Dosovitskiy, A. and Brox, T.},
  month      = jul,
  year       = {2017},
  pages      = {1647-1655}
}


@inproceedings{ImageNet_CVPR2009,
  title     = {{{ImageNet}}: {{A}} Large-Scale Hierarchical Image Database},
  isbn      = {978-1-4244-3992-8},
  booktitle = {2009 {{IEEE Conference}} on {{Computer Vision}} and {{Pattern Recognition}}},
  author    = {{Jia Deng} and {Wei Dong} and Socher, R and {Li-Jia Li} and {Kai Li} and {Li Fei-Fei}},
  year      = {2009},
  pages     = {248-255}
}



@article{jeonDepthLightField2019,
  title   = {Depth from a {{Light Field Image}} with {{Learning}}-{{Based Matching Costs}}},
  volume  = {41},
  issn    = {0162-8828},
  number  = {2},
  journal = {IEEE Transactions on Pattern Analysis and Machine Intelligence},
  author  = {Jeon, Hae-Gon and Park, Jaesik and Choe, Gyeongmin and Park, Jinsun and Bok, Yunsu and Tai, Yu-Wing and Kweon, In So},
  month   = feb,
  year    = {2019},
  pages   = {297-310}
}




@inproceedings{JiaDeng2009,
  title     = {{{ImageNet}}: {{A}} Large-Scale Hierarchical Image Database},
  isbn      = {978-1-4244-3992-8},
  booktitle = {2009 {{IEEE Conference}} on {{Computer Vision}} and {{Pattern Recognition}}},
  author    = {{Jia Deng} and {Wei Dong} and Socher, R and {Li-Jia Li} and {Kai Li} and {Li Fei-Fei}},
  year      = {2009},
  pages     = {248-255},
  issn      = {1063-6919},
  pmid      = {21914436}
}





@inproceedings{johnsonVGGLoss_ECCV2016,
  title     = {Perceptual Losses for Real-Time Style Transfer and Super-Resolution},
  booktitle = {European Conference on Computer Vision},
  publisher = {{Springer}},
  author    = {Johnson, Justin and Alahi, Alexandre and {Fei-Fei}, Li},
  year      = {2016},
  pages     = {694--711}
}


@article{kalantari2016learning,
  title   = {Learning-Based View Synthesis for Light Field Cameras},
  volume  = {35},
  number  = {6},
  journal = {ACM Transactions on Graphics (Proceedings of SIGGRAPH Asia 2016)},
  author  = {Kalantari, Nima Khademi and Wang, Ting-Chun and Ramamoorthi, Ravi},
  year    = {2016},
  pages   = {193}
}

@misc{keras,
  title        = {Keras},
  author       = {Chollet, Fran\c{c}ois and others},
  year         = {2015},
  url = {https://keras.io}
}

@misc{Lytro,
    author = "{Wikipedia contributors}",
    title = "Lytro --- {Wikipedia}{,} The Free Encyclopedia",
    year = "2020",
    howpublished = "https://w.wiki/7G9s",
    note="Accessed: 2023-06-10",
}

@misc{Raytrix,
  title        = {3D light field camera technology},
  author = "Raytrix",
  year         = {2020},
  howpublished = {https://raytrix.de/},
  note="Accessed: 2023-06-10",
}

@misc{GoogleLF,
  title        = {Experimenting with Light Fields},
  author       = {Paul Debevec},
  year         = {2018},
  howpublished = {https://blog.google/products/google-ar-vr/experimenting-light-fields/},
  note="Accessed: 2023-06-10",
}

@misc{PyTorch,
  title = {PyTorch},
  author       = {The Linux Foundation},
  howpublished = {https://pytorch.org/},
  note="Accessed: 2023-06-10"
}

@misc{StanfordLytro,
  title = {Stanford {{Lytro Light Field Archive}}},
  url   = {http://lightfields.stanford.edu/LF2016.html}
}

@inproceedings{kimVDSR_CVPR2016,
  title     = {Accurate {{Image Super}}-{{Resolution Using Very Deep Convolutional Networks}}},
  isbn      = {0162-8828},
  booktitle = {{{IEEE Computer Society Conference}} on {{Computer Vision}} and {{Pattern Recognition}} ({{CVPR}})},
  author    = {Kim, Jiwon and Lee, Jung Kwon and Lee, Kyoung Mu},
  year      = {2016},
  pages     = {1646-1654}
}

@inproceedings{kingmaAdam_ICLR2015,
  title     = {Adam: {{A}} Method for Stochastic Optimization},
  booktitle = {3rd International Conference on Learning Representations, {{ICLR}} 2015, San Diego, {{CA}}, {{USA}}, May 7-9, 2015, Conference Track Proceedings},
  author    = {Kingma, Diederik P. and Ba, Jimmy},
  year      = {2015}
}

@inproceedings{ledigSRGAN_CVPR2017,
  title     = {Photo-{{Realistic Single Image Super}}-{{Resolution Using}} a {{Generative Adversarial Network}}},
  booktitle = {Proceedings of the {{IEEE Conference}} on {{Computer Vision}} and {{Pattern Recognition}}},
  author    = {Ledig, Christian and Theis, Lucas and Huszar, Ferenc and Caballero, Jose and Cunningham, Andrew and Acosta, Alejandro and Aitken, Andrew and Tejani, Alykhan and Totz, Johannes and Wang, Zehan and Shi, Wenzhe},
  year      = {2017},
  pages     = {4681-4690}
}

@inproceedings{liSRFBN_CVPR2019,
  title     = {Feedback {{Network}} for {{Image Super}}-{{Resolution}}},
  booktitle = {Proceedings of the {{IEEE Conference}} on {{Computer Vision}} and {{Pattern Recognition}}},
  author    = {Li, Zhen and Yang, Jinglei and Liu, Zheng and Yang, Xiaomin and Jeon, Gwanggil and Wu, Wei},
  year      = {2019},
  pages     = {3867-3876}
}



@inproceedings{liuMultiBranch_ICCV2017,
  title     = {Robust Video Super-Resolution with Learned Temporal Dynamics},
  booktitle = {Proceedings of the {{IEEE International Conference}} on {{Computer Vision}}},
  author    = {Liu, Ding and Wang, Zhaowen and Fan, Yuchen and Liu, Xianming and Wang, Zhangyang and Chang, Shiyu and Huang, Thomas},
  year      = {2017},
  pages     = {2507--2515}
}

@article{luLFRecognition_2019,
  title   = {Improved Image Classification with {{4D}} Light-Field and Interleaved Convolutional Neural Network},
  volume  = {78},
  issn    = {1573-7721},
  number  = {20},
  journal = { Tools and Applications},
  author  = {Lu, Zhicheng and Yeung, Henry W. F. and Qu, Qiang and Chung, Yuk Ying and Chen, Xiaoming and Chen, Zhibo},
  month   = oct,
  year    = {2019},
  pages   = {29211--29227}
}


@inproceedings{mitra2012light,
  title        = {Light field denoising, light field superresolution and stereo camera based refocussing using a GMM light field patch prior},
  author       = {Mitra, Kaushik and Veeraraghavan, Ashok},
  booktitle    = {2012 IEEE Computer Society Conference on Computer Vision and Pattern Recognition Workshops},
  pages        = {22--28},
  year         = {2012},
  organization = {IEEE}
}


@inproceedings{nairReLU_ICML2010,
  title     = {Rectified Linear Units Improve Restricted Boltzmann Machines},
  booktitle = {Proceedings of the 27th International Conference on Machine Learning ({{ICML}}-10)},
  author    = {Nair, Vinod and Hinton, Geoffrey E.},
  year      = {2010},
  pages     = {807--814}
}




@article{ngLightFieldPhotography2005,
  title   = {Light Field Photography with a Hand-Held Plenoptic Camera},
  volume  = {2},
  number  = {11},
  journal = {Computer Science Technical Report CSTR},
  author  = {Ng, Ren and Levoy, Marc and Br\'edif, Mathieu and Duval, Gene and Horowitz, Mark and Hanrahan, Pat},
  year    = {2005},
  pages   = {1--11}
}





@inproceedings{parkSRFeat_ECCV2018,
  title      = {Srfeat: {{Single}} Image Super-Resolution with Feature Discrimination},
  shorttitle = {Srfeat},
  booktitle  = {Proceedings of the {{European Conference}} on {{Computer Vision}} ({{ECCV}})},
  author     = {Park, Seong-Jin and Son, Hyeongseok and Cho, Sunghyun and Hong, Ki-Sang and Lee, Seungyong},
  year       = {2018},
  pages      = {439--455}
}



@inproceedings{pujadesBayesianViewSynthesis2014,
  title     = {Bayesian View Synthesis and Image-Based Rendering Principles},
  booktitle = {Proceedings of the {{IEEE Conference}} on {{Computer Vision}} and {{Pattern Recognition}}},
  author    = {Pujades, Sergi and Devernay, Fr{\'e}d{\'e}ric and Goldluecke, Bastian},
  year      = {2014},
  pages     = {3906--3913}
}



@inproceedings{ronnebergerUNet2015,
  title     = {U-Net: {{Convolutional}} Networks for Biomedical Image Segmentation},
  booktitle = {International {{Conference}} on {{Medical}} Image Computing and Computer-Assisted Intervention},
  publisher = {{Springer}},
  author    = {Ronneberger, Olaf and Fischer, Philipp and Brox, Thomas},
  year      = {2015},
  pages     = {234--241}
}


@inproceedings{rossi2017graph,
  title        = {Graph-based light field super-resolution},
  author       = {Rossi, Mattia and Frossard, Pascal},
  booktitle    = {2017 IEEE 19th International Workshop on  Signal Processing (MMSP)},
  pages        = {1--6},
  year         = {2017},
  organization = {IEEE}
}

@article{rossi2018geometry,
  title     = {Geometry-consistent light field super-resolution via graph-based regularization},
  author    = {Rossi, Mattia and Frossard, Pascal},
  journal   = {IEEE Transactions on Image Processing},
  volume    = {27},
  number    = {9},
  pages     = {4207--4218},
  year      = {2018},
  publisher = {IEEE}
}


@inproceedings{rossi2018nonsmooth,
  title        = {A Nonsmooth Graph-Based Approach to Light Field Super-Resolution},
  author       = {Rossi, Mattia and El Gheche, Mireille and Frossard, Pascal},
  booktitle    = {2018 25th IEEE International Conference on Image Processing (ICIP)},
  pages        = {2590--2594},
  year         = {2018},
  organization = {IEEE}
}

@inproceedings{SajjadiEnhanceNet_ICCV2017,
  title     = {{{EnhanceNet}}: {{Single Image Super}}-{{Resolution Through Automated Texture Synthesis}}},
  isbn      = {978-1-5386-1032-9},
  booktitle = {{{IEEE International Conference}} on {{Computer Vision}}},
  author    = {Sajjadi, Mehdi S. M. and Sch{\"o}lkopf, Bernhard and Hirsch, Michael},
  year      = {2017},
  pages     = {4491-4500}
}

@inproceedings{shiESPCN_CVPR2016,
  title     = {Real-{{Time Single Image}} and {{Video Super}}-{{Resolution Using}} an {{Efficient Sub}}-{{Pixel Convolutional Neural Network}}},
  isbn      = {978-1-4673-8851-1},
  booktitle = {2016 {{IEEE Conference}} on {{Computer Vision}} and {{Pattern Recognition}} ({{CVPR}})},
  publisher = {{IEEE}},
  author    = {Shi, Wenzhe and Caballero, Jose and Huszar, Ferenc and Totz, Johannes and Aitken, Andrew P. and Bishop, Rob and Rueckert, Daniel and Wang, Zehan},
  month     = jun,
  year      = {2016},
  pages     = {1874-1883}
}

@inproceedings{shinEPINET2018,
  title     = {{{EPINET}}: {{A Fully}}-{{Convolutional Neural Network Using Epipolar Geometry}} for {{Depth From Light Field Images}}},
  booktitle = {The {{IEEE Conference}} on {{Computer Vision}} and {{Pattern Recognition}} ({{CVPR}})},
  author    = {Shin, Changha and Jeon, Hae-Gon and Yoon, Youngjin and So Kweon, In and Joo Kim, Seon},
  month     = jun,
  year      = {2018}
}

@article{simonyanVGG_2015,
  title   = {Very {{Deep Convolutional Networks}} for {{Large}}-{{Scale Image Recognition}}},
  issn    = {09505849},
  journal = {International Conference on Learning Representations (ICRL)},
  author  = {Simonyan, Karen and Zisserman, Andrew},
  year    = {2015},
  pages   = {1-14}
}


@inproceedings{tensorflow,
  title     = {Tensorflow: A system for large-scale machine learning},
  author    = {Abadi, Mart{\'\i}n and Barham, Paul and Chen, Jianmin and Chen, Zhifeng and Davis, Andy and Dean, Jeffrey and Devin, Matthieu and Ghemawat, Sanjay and Irving, Geoffrey and Isard, Michael and others},
  booktitle = {12th $USENIX$ Symposium on Operating Systems Design and Implementation $OSDI$ 16)},
  pages     = {265--283},
  year      = {2016}
}

@inproceedings{tongSRDenseNet_ICCV2017,
  title     = {Image Super-Resolution Using Dense Skip Connections},
  booktitle = {2017 IEEE International Conference on Computer Vision (ICCV)},
  author    = {Tong, Tong and Li, Gen and Liu, Xiejie and Gao, Qinquan},
  year      = {2017},
  pages     = {4809--4817},
  publisher = {IEEE},
  isbn      = {978-1-5386-1032-9}
}

@inproceedings{vaish2006reconstructing,
  title        = {Reconstructing occluded surfaces using synthetic apertures: Stereo, focus and robust measures},
  author       = {Vaish, Vaibhav and Levoy, Marc and Szeliski, Richard and Zitnick, C Lawrence and Kang, Sing Bing},
  booktitle    = {2006 IEEE Computer Society Conference on Computer Vision and Pattern Recognition (CVPR'06)},
  volume       = {2},
  pages        = {2331--2338},
  year         = {2006},
  organization = {IEEE}
}



@inproceedings{vasuEPSR_ECCV2018,
  title     = {Analyzing Perception-Distortion Tradeoff Using Enhanced Perceptual Super-Resolution Network},
  booktitle = {Proceedings of the {{European Conference}} on {{Computer Vision}} ({{ECCV}})},
  author    = {Vasu, Subeesh and Thekke Madam, Nimisha and Rajagopalan, A. N.},
  year      = {2018}
}



@article{wang2004ssim,
  title   = {Image quality assessment: from error visibility to structural similarity},
  author  = {Wang, Zhou and Bovik, Alan C and Sheikh, Hamid R and Simoncelli, Eero P and others},
  journal = {IEEE transactions on image processing},
  volume  = {13},
  number  = {4},
  pages   = {600--612},
  year    = {2004}
}


@inproceedings{wang2016simple,
  title        = {A simple and robust super resolution method for light field images},
  author       = {Wang, Yunlong and Hou, Guangqi and Sun, Zhenan and Wang, Zilei and Tan, Tieniu},
  booktitle    = {2016 IEEE International Conference on Image Processing (ICIP)},
  pages        = {1459--1463},
  year         = {2016},
  organization = {IEEE}
}

@inproceedings{wangEDVR_CVPRW2019,
  title     = {{{EDVR}}: {{Video}} Restoration with Enhanced Deformable Convolutional Networks},
  booktitle = {Proceedings of the {{IEEE Conference}} on {{Computer Vision}} and {{Pattern Recognition Workshops}}},
  author    = {Wang, Xintao and Chan, Kelvin CK and Yu, Ke and Dong, Chao and Change Loy, Chen},
  year      = {2019}
}


@inproceedings{wangLFRecognition_ECCV2016,
  title     = {A {{4D}} Light-Field Dataset and {{CNN}} Architectures for Material Recognition},
  booktitle = {European {{Conference}} on {{Computer Vision}}},
  publisher = {{Springer}},
  author    = {Wang, Ting-Chun and Zhu, Jun-Yan and Hiroaki, Ebi and Chandraker, Manmohan and Efros, Alexei A and Ramamoorthi, Ravi},
  year      = {2016},
  pages     = {121-138}
}

@inproceedings{wangNonlocalNeuralNetworks2018,
  title     = {Non-Local Neural Networks},
  booktitle = {Proceedings of the {{IEEE Conference}} on {{Computer Vision}} and {{Pattern Recognition}}},
  author    = {Wang, Xiaolong and Girshick, Ross and Gupta, Abhinav and He, Kaiming},
  year      = {2018},
  pages     = {7794--7803}
}


@inproceedings{wangOcclusionawareDepthEstimation2015,
  title     = {Occlusion-Aware Depth Estimation Using Light-Field Cameras},
  booktitle = {Proceedings of the {{IEEE International Conference}} on {{Computer Vision}}},
  author    = {Wang, Ting-Chun and Efros, Alexei A. and Ramamoorthi, Ravi},
  year      = {2015},
  pages     = {3487--3495}
}



@inproceedings{wangResidualAttentionNetwork2017,
  title     = {Residual Attention Network for Image Classification},
  booktitle = {Proceedings of the {{IEEE Conference}} on {{Computer Vision}} and {{Pattern Recognition}}},
  author    = {Wang, Fei and Jiang, Mengqing and Qian, Chen and Yang, Shuo and Li, Cheng and Zhang, Honggang and Wang, Xiaogang and Tang, Xiaoou},
  year      = {2017},
  pages     = {3156--3164}
}


@article{wanner2014variational,
  title     = {Variational light field analysis for disparity estimation and super-resolution},
  author    = {Wanner, Sven and Goldluecke, Bastian},
  journal   = {IEEE transactions on pattern analysis and machine intelligence},
  volume    = {36},
  number    = {3},
  pages     = {606--619},
  year      = {2014},
  publisher = {IEEE}
}


@inproceedings{wilburn2004high,
  title        = {High-speed videography using a dense camera array},
  author       = {Wilburn, Bennett and Joshi, Neel and Vaish, Vaibhav and Levoy, Marc and Horowitz, Mark},
  booktitle    = {Proceedings of the 2004 IEEE Computer Society Conference on Computer Vision and Pattern Recognition, 2004. CVPR 2004.},
  volume       = {2},
  pages        = {II--II},
  year         = {2004},
  organization = {IEEE}
}



@inproceedings{wilburn2005high,
  title        = {High performance imaging using large camera arrays},
  author       = {Wilburn, Bennett and Joshi, Neel and Vaish, Vaibhav and Talvala, Eino-Ville and Antunez, Emilio and Barth, Adam and Adams, Andrew and Horowitz, Mark and Levoy, Marc},
  booktitle    = {ACM Transactions on Graphics (TOG)},
  volume       = {24},
  number       = {3},
  pages        = {765--776},
  year         = {2005},
  organization = {ACM}
}

@inproceedings{wuEPICNN_CVPR2017,
  title     = {Light Field Reconstruction Using Deep Convolutional Network on {{EPI}}},
  volume    = {2017},
  booktitle = {{{IEEE Conference}} on {{Computer Vision}} and {{Pattern Recognition}} ({{CVPR}})},
  author    = {Wu, Gaochang and Zhao, Mandan and Wang, Liangyong and Dai, Qionghai and Chai, Tianyou and Liu, Yebin},
  year      = {2017},
  pages     = {2}
}
@article{wuEPICNN_TPAMI2018,
  title   = {Light {{Field Reconstruction Using Convolutional Network}} on {{EPI}} and {{Extended Applications}}},
  issn    = {01628828},
  journal = {IEEE Transactions on Pattern Analysis and Machine Intelligence},
  author  = {Wu, Gaochang and Liu, Yebin and Fang, Lu and Dai, Qionghai and Chai, Tianyou},
  year    = {2018}
}




@article{wuLFOverview_JSTSP2017,
  title      = {Light Field Image Processing: An Overview},
  shorttitle = {Light Field Image Processing},
  author     = {Wu, G. and Masia, B. and Jarabo, A. and Zhang, Y. and Wang, L. and Dai, Q. and Chai, T. and Liu, Y.},
  year       = {2017},
  month      = oct,
  volume     = {11},
  pages      = {926--954},
  issn       = {1932-4553},
  journal    = {IEEE Journal of Selected Topics in Signal Processing},
  number     = {7}
}



@inproceedings{xieResNeXt_CVPR2017,
  title     = {Aggregated Residual Transformations for Deep Neural Networks},
  booktitle = {Proceedings of the {{IEEE}} Conference on Computer Vision and Pattern Recognition},
  author    = {Xie, Saining and Girshick, Ross and Doll{\'a}r, Piotr and Tu, Zhuowen and He, Kaiming},
  year      = {2017},
  pages     = {1492--1500}
}


@inproceedings{yeungSAS_ECCV2018,
  title     = {Fast Light Field Reconstruction With Deep Coarse-To-Fine Modeling of Spatial-Angular Clues},
  booktitle = {The European Conference on Computer Vision (ECCV)},
  author    = {Yeung, Henry Wing Fung and Hou, Junhui and Chen, Jie and Chung, Yuk Ying and Chen, Xiaoming},
  year      = {2018},
  month     = sep,
  pages     = {137--152}
}



@article{yeungSAS_LFSR2019,
  title   = {Light {{Field Spatial Super}}-{{Resolution Using Deep Efficient Spatial}}-{{Angular Separable Convolution}}},
  volume  = {28},
  issn    = {10577149},
  number  = {5},
  journal = {IEEE Transactions on Image Processing},
  author  = {Yeung, Henry Wing Fung and Hou, Junhui and Chen, Xiaoming and Chen, Jie and Chen, Zhibo and Chung, Yuk Ying},
  year    = {2019},
  pages   = {2319-2330}
}

@inproceedings{yoon2015LFCNN,
  title     = {Learning a Deep Convolutional Network for Light-Field Image Super-Resolution},
  booktitle = {Proceedings of the {{IEEE International Conference}} on {{Computer Vision Workshops}}},
  author    = {Yoon, Youngjin and Jeon, Hae-Gon and Yoo, Donggeun and Lee, Joon-Young and So Kweon, In},
  year      = {2015},
  pages     = {24-32}
}


@article{yoon2017LFCNN,
  title   = {Light-Field Image Super-Resolution Using Convolutional Neural Network},
  volume  = {24},
  number  = {6},
  journal = {IEEE Signal Processing Letters},
  author  = {Yoon, Youngjin and Jeon, Hae-Gon and Yoo, Donggeun and Lee, Joon-Young and Kweon, In So},
  year    = {2017},
  pages   = {848-852}
}


@article{yuanLFSR_SPL2018,
  title   = {Light-{{Field Image Superresolution Using}} a {{Combined Deep CNN Based}} on {{EPI}}},
  volume  = {25},
  issn    = {1070-9908},
  number  = {9},
  journal = {IEEE Signal Processing Letters},
  author  = {Yuan, Yan and Cao, Ziqi and Su, Lijuan},
  month   = sep,
  year    = {2018},
  pages   = {1359-1363}
}



@article{yucer2016efficient,
  title     = {Efficient 3D object segmentation from densely sampled light fields with applications to 3D reconstruction},
  author    = {Y{\"u}cer, Kaan and Sorkine-Hornung, Alexander and Wang, Oliver and Sorkine-Hornung, Olga},
  journal   = {ACM Transactions on Graphics (TOG)},
  volume    = {35},
  number    = {3},
  pages     = {22},
  year      = {2016},
  publisher = {ACM}
}


@inproceedings{zhang2015light,
  title     = {Light field from micro-baseline image pair},
  author    = {Zhang, Zhoutong and Liu, Yebin and Dai, Qionghai},
  booktitle = {Proceedings of the IEEE Conference on Computer Vision and Pattern Recognition},
  pages     = {3800--3809},
  year      = {2015}
}



@inproceedings{zhangRCAN_ECCV2018,
  title     = {Image Super-Resolution Using Very Deep Residual Channel Attention Networks},
  booktitle = {European {{Conference}} on {{Computer Vision}}},
  author    = {Zhang, Yulun and Li, Kunpeng and Li, Kai and Wang, Lichen and Zhong, Bineng and Fu, Yun},
  year      = {2018},
  pages     = {286-301}
}

@inproceedings{zhangRDN_CVPR2018,
  title     = {Residual Dense Network for Image Super-Resolution},
  booktitle = {Proceedings of the IEEE Conference on Computer Vision and Pattern Recognition},
  author    = {Zhang, Yulun and Tian, Yapeng and Kong, Yu and Zhong, Bineng and Fu, Yun},
  year      = {2018},
  pages     = {2472--2481}
}

@inproceedings{zhangResLF_CVPR2019,
  title     = {Residual {{Networks}} for {{Light Field Image Super}}-{{Resolution}}},
  booktitle = {Proceedings of the {{IEEE Conference}} on {{Computer Vision}} and {{Pattern Recognition}}},
  author    = {Zhang, Shuo and Lin, Youfang and Sheng, Hao},
  year      = {2019},
  pages     = {11046-11055}
}


@inproceedings{zhaoPyramidFeatureAttention2019,
  title     = {Pyramid {{Feature Attention Network}} for {{Saliency Detection}}},
  booktitle = {Proceedings of the {{IEEE Conference}} on {{Computer Vision}} and {{Pattern Recognition}}},
  author    = {Zhao, Ting and Wu, Xiangqian},
  year      = {2019},
  pages     = {3085--3094}
}

@article{zhu2019stacked,
  title   = {Stacked {{U}}-Shape {{Networks}} with {{Channel}}-Wise {{Attention}} for {{Image Super}}-{{Resolution}}},
  journal = {Neurocomputing},
  author  = {Zhu, Leilei and Zhan, Shu and Zhang, Haiyan},
  year    = {2019}
}



@inproceedings{daiSAN_CVPR2019,
  title = {Second-Order Attention Network for Single Image Super-Resolution},
  booktitle = {Proceedings of the IEEE Conference on Computer Vision and Pattern Recognition},
  author = {Dai, Tao and Cai, Jianrui and Zhang, Yongbing and Xia, Shu-Tao and Zhang, Lei},
  year = {2019},
  pages = {11065--11074}
}

@article{lan2020cascading,
  title={Cascading and enhanced residual networks for accurate single-image super-resolution},
  author={Lan, Rushi and Sun, Long and Liu, Zhenbing and Lu, Huimin and Su, Zhixun and Pang, Cheng and Luo, Xiaonan},
  journal={IEEE Transactions on Cybernetics},
  year={2020},
  publisher={IEEE}
}

@article{lan2020madnet,
  title={MADNet: a fast and lightweight network for single-image super resolution},
  author={Lan, Rushi and Sun, Long and Liu, Zhenbing and Lu, Huimin and Pang, Cheng and Luo, Xiaonan},
  journal={IEEE Transactions on Cybernetics},
  year={2020},
  publisher={IEEE}
}

@article{zeng2015coupled,
  title={Coupled deep autoencoder for single image super-resolution},
  author={Zeng, Kun and Yu, Jun and Wang, Ruxin and Li, Cuihua and Tao, Dacheng},
  journal={IEEE Transactions on Cybernetics},
  volume={47},
  number={1},
  pages={27--37},
  year={2015},
  publisher={IEEE}
}

@article{zhou2021cross,
  title={Cross-Scale Residual Network: A General Framework for Image Super-Resolution, Denoising, and Deblocking},
  author={Zhou, Yuan and Du, Xiaoting and Wang, Mingfei and Huo, Shuwei and Zhang, Yeda and Kung, Sun-Yuan},
  journal={IEEE Transactions on Cybernetics},
  year={2021},
  publisher={IEEE}
}

@inproceedings{huang6DofVR_IEEEVR2017,
  title={6-DOF VR videos with a single 360-camera},
  author={Huang, Jingwei and Chen, Zhili and Ceylan, Duygu and Jin, Hailin},
  booktitle={2017 IEEE Virtual Reality (VR)},
  pages={37--44},
  year={2017},
  organization={IEEE}
}

@article{ghassab2019light,
  title={Light Field Super-Resolution Using Edge-Preserved Graph-Based Regularization},
  author={Ghassab, Vahid Khorasani and Bouguila, Nizar},
  journal={IEEE Transactions on Multimedia},
  volume={22},
  number={6},
  pages={1447--1457},
  year={2019},
  publisher={IEEE}
}

@inproceedings{liu2016pseudo,
  title={Pseudo-sequence-based light field image compression},
  author={Liu, Dong and Wang, Lizhi and Li, Li and Xiong, Zhiwei and Wu, Feng and Zeng, Wenjun},
  booktitle={2016 IEEE International Conference on Multimedia \& Expo Workshops (ICMEW)},
  pages={1--4},
  year={2016},
  organization={IEEE}
}

@article{jiang2017light,
  title={Light field compression with homography-based low-rank approximation},
  author={Jiang, Xiaoran and Le Pendu, Mika{\"e}l and Farrugia, Reuben A and Guillemot, Christine},
  journal={IEEE Journal of Selected Topics in Signal Processing},
  volume={11},
  number={7},
  pages={1132--1145},
  year={2017},
  publisher={IEEE}
}

@article{chen2017light,
  title={Light field compression with disparity-guided sparse coding based on structural key views},
  author={Chen, Jie and Hou, Junhui and Chau, Lap-Pui},
  journal={IEEE Transactions on Image Processing},
  volume={27},
  number={1},
  pages={314--324},
  year={2017},
  publisher={IEEE}
}

@article{chen2018accurate,
  title     = {Accurate light field depth estimation with superpixel regularization over partially occluded regions},
  author    = {Chen, Jie and Hou, Junhui and Ni, Yun and Chau, Lap-Pui},
  journal   = {IEEE Transactions on Image Processing},
  volume    = {27},
  number    = {10},
  pages     = {4889--4900},
  year      = {2018},
  publisher = {IEEE}
}

@inproceedings{perra2016high,
  title={High efficiency coding of light field images based on tiling and pseudo-temporal data arrangement},
  author={Perra, Cristian and Assuncao, Pedro},
  booktitle={2016 IEEE International Conference on Multimedia \& Expo Workshops (ICMEW)},
  pages={1--4},
  year={2016},
  organization={IEEE}
}

@article{linStereoDepth_TIM2021,
  author  = {Lin, Huei-Yung and Tsai, Chun-Lung and Tran, Van Luan},
  journal = {IEEE Transactions on Instrumentation and Measurement},
  title   = {Depth Measurement Based on Stereo Vision With Integrated Camera Rotation},
  year    = {2021},
  volume  = {70},
  number  = {},
  pages   = {1-10},
  doi     = {10.1109/TIM.2021.3073687}
}


@article{liStereo3DMeasurement_TIM2021,
  author  = {Li, Yikang and Wang, Zhenzhou},
  journal = {IEEE Transactions on Instrumentation and Measurement},
  title   = {RGB Line Pattern-Based Stereo Vision Matching for Single-Shot 3-D Measurement},
  year    = {2021},
  volume  = {70},
  number  = {},
  pages   = {1-13},
  doi     = {10.1109/TIM.2020.3041086}
}

@article{lilienblum3DStructuredLight_TIM2014,
  author  = {Lilienblum, Erik and Al-Hamadi, Ayoub},
  journal = {IEEE Transactions on Instrumentation and Measurement},
  title   = {A Structured Light Approach for 3-D Surface Reconstruction With a Stereo Line-Scan System},
  year    = {2015},
  volume  = {64},
  number  = {5},
  pages   = {1258-1266},
  doi     = {10.1109/TIM.2014.2364105}
}

@article{songEDRNet_TIM2020,
  author  = {Song, Guorong and Song, Kechen and Yan, Yunhui},
  journal = {IEEE Transactions on Instrumentation and Measurement},
  title   = {EDRNet: Encoder–Decoder Residual Network for Salient Object Detection of Strip Steel Surface Defects},
  year    = {2020},
  volume  = {69},
  number  = {12},
  pages   = {9709-9719},
  doi     = {10.1109/TIM.2020.3002277}
}

@article{sellahewaFace_TIM2010,
  author  = {Sellahewa, Harin and Jassim, Sabah A.},
  journal = {IEEE Transactions on Instrumentation and Measurement},
  title   = {Image-Quality-Based Adaptive Face Recognition},
  year    = {2010},
  volume  = {59},
  number  = {4},
  pages   = {805-813},
  doi     = {10.1109/TIM.2009.2037989}
}

@article{fangFace_TIM2015,
  author  = {Fang, Leyuan and Li, Shutao},
  journal = {IEEE Transactions on Instrumentation and Measurement},
  title   = {Face Recognition by Exploiting Local Gabor Features With Multitask Adaptive Sparse Representation},
  year    = {2015},
  volume  = {64},
  number  = {10},
  pages   = {2605-2615},
  doi     = {10.1109/TIM.2015.2427893}
}


@article{raghavendraLFFace_TIP2015,
  title     = {Presentation Attack Detection for Face Recognition Using Light Field Camera},
  author    = {Raghavendra, Ramachandra and Raja, Kiran B. and Busch, Christoph},
  year      = {2015},
  journal   = {IEEE Transactions on Image Processing},
  volume    = {24},
  pages     = {1060--1075},
  publisher = {{IEEE}},
  number    = {3}
}

@inproceedings{jiLFHOG_ICIP2016,
  title      = {{{LFHOG}}: {{A}} Discriminative Descriptor for Live Face Detection from Light Field Image},
  shorttitle = {{{LFHOG}}},
  booktitle  = {2016 {{IEEE}} International Conference on Image Processing ({{ICIP}})},
  author     = {Ji, Zhe and Zhu, Hao and Wang, Qing},
  year       = {2016},
  pages      = {1474--1478},
  publisher  = {{IEEE}}
}


@inproceedings{shengLFSaliency_ICASSP2016,
  title     = {Relative Location for Light Field Saliency Detection},
  booktitle = {2016 {{IEEE International Conference}} on {{Acoustics}}, {{Speech}} and {{Signal Processing}} ({{ICASSP}})},
  author    = {Sheng, Hao and Zhang, Shuo and Liu, Xiaoyu and Xiong, Zhang},
  year      = {2016},
  pages     = {1631--1635},
  publisher = {{IEEE}}
}

@article{zhangLFNet_TIP2020,
  title      = {Lfnet: {{Light}} Field Fusion Network for Salient Object Detection},
  shorttitle = {Lfnet},
  author     = {Zhang, Miao and Ji, Wei and Piao, Yongri and Li, Jingjing and Zhang, Yu and Xu, Shuang and Lu, Huchuan},
  year       = {2020},
  journal    = {IEEE Transactions on Image Processing},
  volume     = {29},
  pages      = {6276--6287},
  publisher  = {{IEEE}}
}

@article{heinze2016automated,
  title     = {Automated robust metric calibration algorithm for multifocus plenoptic cameras},
  author    = {Heinze, Christian and Spyropoulos, Stefano and Hussmann, Stephan and Perwa{\ss}, Christian},
  journal   = {IEEE Transactions on Instrumentation and Measurement},
  volume    = {65},
  number    = {5},
  pages     = {1197--1205},
  year      = {2016},
  publisher = {IEEE}
}

@article{deflectometry2021,
  author  = {Z. {Niu} and X. {Zhang} and J. {Ye} and L. {Yea} and R. {Zhu} and X. {Jiang}},
  journal = {IEEE Transactions on Instrumentation and Measurement},
  title   = {Adaptive phase correction for phase measuring deflectometry based on light field modulation},
  year    = {2021},
  pages   = {1-1},
  doi     = {10.1109/TIM.2021.3067954}
}


@article{huSADenseNet_TIM2021,
  title = {Efficient {{Light Field Reconstruction}} via {{Spatio}}-{{Angular Dense Network}}},
  author = {Hu, Zexi and Yeung, Henry Wing Fung and Chen, Xiaoming and Chung, Yuk Ying and Li, Haisheng},
  year = {2021},
  journal = {IEEE Transactions on Instrumentation and Measurement},
  volume = {70},
  pages = {1--14},
  issn = {1557-9662},
  doi = {10.1109/TIM.2021.3100326}
}



@article{rerabekEPFL2016,
  title   = {New {{Light Field Image Dataset}}},
  journal = {8th International Conference on Quality of Multimedia Experience (QoMEX)},
  year    = {2016},
  pages   = {1-2},
  author  = {Rerábek, Martin and Ebrahimi, Touradj}
}


@inproceedings{mengHDDRNet_AAAI2020,
  title = {High-Order Residual Network for Light Field Super-Resolution},
  booktitle = {Proceedings of the {{AAAI Conference}} on {{Artificial Intelligence}}},
  author = {Meng, Nan and Wu, Xiaofei and Liu, Jianzhuang and Lam, Edmund},
  year = {2020},
  volume = {34},
  pages = {11757--11764}
}


@inproceedings{jinLFSSRATO_2020,
  title = {Light Field Spatial Super-Resolution via Deep Combinatorial Geometry Embedding and Structural Consistency Regularization},
  booktitle = {Proceedings of the {{IEEE}}/{{CVF Conference}} on {{Computer Vision}} and {{Pattern Recognition}}},
  author = {Jin, Jing and Hou, Junhui and Chen, Jie and Kwong, Sam},
  year = {2020},
  pages = {2260--2269}
}



@inproceedings{luSSIM_AAAI2019,
  title = {The {{Level Weighted Structural Similarity Loss}}: {{A Step Away}} from {{MSE}}},
  shorttitle = {The {{Level Weighted Structural Similarity Loss}}},
  booktitle = {Proceedings of the {{AAAI Conference}} on {{Artificial Intelligence}}},
  author = {Lu, Yingjing},
  year = {2019},
  volume = {33},
  pages = {9989--9990}
}


@article{ViT,
  title={An image is worth 16x16 words: Transformers for image recognition at scale},
  author={Dosovitskiy, Alexey and Beyer, Lucas and Kolesnikov, Alexander and Weissenborn, Dirk and Zhai, Xiaohua and Unterthiner, Thomas and Dehghani, Mostafa and Minderer, Matthias and Heigold, Georg and Gelly, Sylvain and others},
  journal={arXiv preprint arXiv:2010.11929},
  year={2020}
}

@article{guoLF_2021,
  title={Deep spatial-angular regularization for light field imaging, denoising, and super-resolution},
  author={Guo, Mantang and Hou, Junhui and Jin, Jing and Chen, Jie and Chau, Lap-Pui},
  journal={IEEE Transactions on Pattern Analysis and Machine Intelligence},
  volume={44},
  number={10},
  pages={6094--6110},
  year={2021},
  publisher={IEEE}
}

@misc{liangEPIT_arXiv2023,
    title = {Learning {{Non-Local Spatial-Angular Correlation}} for {{Light Field Image Super-Resolution}}},
    author = {Liang, Zhengyu and Wang, Yingqian and Wang, Longguang and Yang, Jungang and Zhou, Shilin and Guo, Yulan},
    eprint="2302.08058",
    archivePrefix="arXiv",
    year="2023"
}


@article{parkVisionTransformers_arXiv2022,
  title={How do vision transformers work?},
  author={Park, Namuk and Kim, Songkuk},
  journal={arXiv preprint arXiv:2202.06709},
  year={2022}
}

@article{liangLFT_SPL2022,
  title = {Light Field Image Super-Resolution with Transformers},
  author = {Liang, Zhengyu and Wang, Yingqian and Wang, Longguang and Yang, Jungang and Zhou, Shilin},
  year = {2022},
  journal = {IEEE Signal Processing Letters},
  volume = {29},
  pages = {563--567},
  publisher = {{IEEE}}
}

@misc{dosovitskiyViT_arXiv2020,
  title = {An {{Image}} Is {{Worth}} 16x16 {{Words}}: {{Transformers}} for {{Image Recognition}} at {{Scale}}},
  author = {Dosovitskiy, Alexey and Beyer, Lucas and Kolesnikov, Alexander and Weissenborn, Dirk and Zhai, Xiaohua and Unterthiner, Thomas and Dehghani, Mostafa and Minderer, Matthias and Heigold, Georg and Gelly, Sylvain and Uszkoreit, Jakob and Houlsby, Neil},
  year = {2023},
  eprint="2010.11929",
  archivePrefix="arXiv"
}


@article{wangAntiOversmoothing_arXiv2022,
  title = {Anti-{{Oversmoothing}} in {{Deep Vision Transformers}} via the {{Fourier Domain Analysis}}: {{From Theory}} to {{Practice}}},
  shorttitle = {Anti-{{Oversmoothing}} in {{Deep Vision Transformers}} via the {{Fourier Domain Analysis}}},
  author = {Wang, Peihao and Zheng, Wenqing and Chen, Tianlong and Wang, Zhangyang},
  date = {2022-03-09},
  number = {arXiv:2203.05962},
  doi = {10.48550/arXiv.2203.05962},
  url = {http://arxiv.org/abs/2203.05962},
  urldate = {2023-08-07}
}

@online{zhouSRFormer_ICCV2023,
  title = {{{SRFormer}}: {{Permuted Self-Attention}} for {{Single Image Super-Resolution}}},
  shorttitle = {{{SRFormer}}},
  author = {Zhou, Yupeng and Li, Zhen and Guo, Chun-Le and Bai, Song and Cheng, Ming-Ming and Hou, Qibin},
  date = {2023-03-16},
  number = {arXiv:2303.09735},
  doi = {10.48550/arXiv.2303.09735},
  url = {http://arxiv.org/abs/2303.09735},
  urldate = {2023-04-04}
}

@inproceedings{zhangELAN_ECCV2022,
  title = {Efficient Long-Range Attention Network for Image Super-Resolution},
  booktitle = {Computer {{Vision}}\textendash{{ECCV}} 2022: 17th {{European Conference}}, {{Tel Aviv}}, {{Israel}}, {{October}} 23\textendash 27, 2022, {{Proceedings}}, {{Part XVII}}},
  author = {Zhang, Xindong and Zeng, Hui and Guo, Shi and Zhang, Lei},
  year = {2022},
  pages = {649--667},
  publisher = {{Springer}}
}


@inproceedings{guLAM_CVPR2021,
  title = {Interpreting {{Super-Resolution Networks}} with {{Local Attribution Maps}}},
  booktitle = {Proceedings of the {{IEEE}}/{{CVF Conference}} on {{Computer Vision}} and {{Pattern Recognition}}},
  author = {Gu, Jinjin and Dong, Chao},
  year = {2021},
  pages = {9199--9208}
}

@article{wangDistgSSR_TIP2022,
  title = {Disentangling Light Fields for Super-Resolution and Disparity Estimation},
  author = {Wang, Yingqian and Wang, Longguang and Wu, Gaochang and Yang, Jungang and An, Wei and Yu, Jingyi and Guo, Yulan},
  year = {2022},
  journal = {IEEE Transactions on Pattern Analysis and Machine Intelligence},
  publisher = {{IEEE}}
}
\footnote{https://github.com/ZhengyuLiang24/BasicLFSR}

@misc{BasicLFSR,
    title = "BasicLFSR: Open Source Light Field Toolbox for Super-Resolution",
    year = "2023",
    howpublished = "https://github.com/ZhengyuLiang24/BasicLFSR",
    note="Accessed: 2023-06-10",
}

@InProceedings{BasicLFSR-toolong,
  author    = {Wang, Yingqian and Wang, Longguang and Liang, Zhengyu and Yang, Jungang and Timofte, Radu and Guo, Yulan and Jin, Kai and Wei, Zeqiang and Yang, Angulia and Guo, Sha and Gao, Mingzhi and Zhou, Xiuzhuang and Duong, Vinh Van and Huu, Thuc Nguyen and Yim, Jonghoon and Jeon, Byeungwoo and Liu, Yutong and Cheng, Zhen and Xiao, Zeyu and Xu, Ruikang and Xiong, Zhiwei and Liu, Gaosheng and Jin, Manchang and Yue, Huanjing and Yang, Jingyu and Gao, Chen and Zhang, Shuo and Chang, Song and Lin, Youfang and Chao, Wentao and Wang, Xuechun and Wang, Guanghui and Duan, Fuqing and Xia, Wang and Wang, Yan and Xia, Peiqi and Wang, Shunzhou and Lu, Yao and Cong, Ruixuan and Sheng, Hao and Yang, Da and Chen, Rongshan and Wang, Sizhe and Cui, Zhenglong and Chen, Yilei and Lu, Yongjie and Cai, Dongjun and An, Ping and Salem, Ahmed and Ibrahem, Hatem and Yagoub, Bilel and Kang, Hyun-Soo and Zeng, Zekai and Wu, Heng},
  title     = {NTIRE 2023 Challenge on Light Field Image Super-Resolution: Dataset, Methods and Results},
  booktitle = {IEEE/CVF Conference on Computer Vision and Pattern Recognition Workshops (CVPRW)},
  year      = {2023},
}

@inproceedings{wangDPT_AAAI2022,
  title = {Detail Preserving Transformer for Light Field Image Super-Resolution},
  booktitle = {Proc. {{AAAI Conf}}. {{Artif}}. {{Intell}}.},
  author = {Wang, Shunzhou and Zhou, Tianfei and Lu, Yao and Di, Huijun},
  year = {2022}
}

@inproceedings{wangLfInterNet_ECCV2020,
  title = {Spatial-Angular Interaction for Light Field Image Super-Resolution},
  booktitle = {European {{Conference}} on {{Computer Vision}}},
  author = {Wang, Yingqian and Wang, Longguang and Yang, Jungang and An, Wei and Yu, Jingyi and Guo, Yulan},
  year = {2020},
  pages = {290--308},
  publisher = {{Springer}}
}

@misc{chuCPVT_arxiv2021,
  title = {Conditional {{Positional Encodings}} for {{Vision Transformers}}},
  author = {Chu, Xiangxiang and Tian, Zhi and Zhang, Bo and Wang, Xinlong and Wei, Xiaolin and Xia, Huaxia and Shen, Chunhua},
  year = {2021},
  publisher = {{arXiv}},
  doi = {10.48550/arXiv.2102.10882}
}

@inproceedings{luESRT_CVPR2022,
  title = {Transformer for Single Image Super-Resolution},
  booktitle = {Proceedings of the {{IEEE}}/{{CVF Conference}} on {{Computer Vision}} and {{Pattern Recognition}}},
  author = {Lu, Zhisheng and Li, Juncheng and Liu, Hong and Huang, Chaoyan and Zhang, Linlin and Zeng, Tieyong},
  year = {2022},
  pages = {457--466}
}

@inproceedings{liuSwin_ICCV2021,
  title={Swin transformer: Hierarchical vision transformer using shifted windows},
  author={Liu, Ze and Lin, Yutong and Cao, Yue and Hu, Han and Wei, Yixuan and Zhang, Zheng and Lin, Stephen and Guo, Baining},
  booktitle={Proceedings of the IEEE/CVF international conference on computer vision},
  pages={10012--10022},
  year={2021}
}

@inproceedings{honauerHCInew_ACCV2016,
  title = {A Dataset and Evaluation Methodology for Depth Estimation on 4d Light Fields},
  booktitle = {Asian {{Conference}} on {{Computer Vision}}},
  author = {Honauer, Katrin and Johannsen, Ole and Kondermann, Daniel and Goldluecke, Bastian},
  year = {2016},
  pages = {19--34},
  publisher = {{Springer}}
}

@inproceedings{wannerHCIold_VMV2013,
  title = {Datasets and Benchmarks for Densely Sampled {{4D}} Light Fields.},
  booktitle = {Vision, {{Modelling}} and {{Visualization}} ({{VMV}})},
  author = {Wanner, Sven and Meister, Stephan and Goldluecke, Bastian},
  year = {2013},
  volume = {13},
  pages = {225--226}
}

@article{lependuINRIA_TIP2018,
  title = {Light Field Inpainting Propagation via Low Rank Matrix Completion},
  author = {Le Pendu, Mikael and Jiang, Xiaoran and Guillemot, Christine},
  year = {2018},
  journal = {IEEE Transactions on Image Processing},
  volume = {27},
  number = {4},
  pages = {1981--1993},
  publisher = {{IEEE}}
}
@article{vaishSTFgantry_2008,
  title = {The (New) Stanford Light Field Archive},
  author = {Vaish, Vaibhav and Adams, Andrew},
  year = {2008},
  journal = {Computer Graphics Laboratory, Stanford University},
  volume = {6},
  number = {7},
  pages = {3}
}

@article{liuLFIINet_TMM2021,
  title = {Intra-{{Inter View Interaction Network}} for {{Light Field Image Super-Resolution}}},
  author = {Liu, Gaosheng and Yue, Huanjing and Wu, Jiamin and Yang, Jingyu},
  year = {2021},
  journal = {IEEE Transactions on Multimedia},
  volume = {25},
  pages = {256--266},
  issn = {1941-0077},
  doi = {10.1109/TMM.2021.3124385}
}

@inproceedings{liangSwinIR_ICCV2021,
  title = {Swinir: {{Image}} Restoration Using Swin Transformer},
  shorttitle = {Swinir},
  booktitle = {Proceedings of the {{IEEE}}/{{CVF International Conference}} on {{Computer Vision}}},
  author = {Liang, Jingyun and Cao, Jiezhang and Sun, Guolei and Zhang, Kai and Van Gool, Luc and Timofte, Radu},
  year = {2021},
  pages = {1833--1844}
}

@inproceedings{chenHAT_CVPR2023,
  title = {Activating More Pixels in Image Super-Resolution Transformer},
  booktitle = {Proceedings of the {{IEEE}}/{{CVF Conference}} on {{Computer Vision}} and {{Pattern Recognition}}},
  author = {Chen, Xiangyu and Wang, Xintao and Zhou, Jiantao and Qiao, Yu and Dong, Chao},
  year = {2023},
  pages = {22367--22377},
  urldate = {2023-11-19}
}

@inproceedings{chenIPT_CVPR2021,
  title = {Pre-Trained Image Processing Transformer},
  booktitle = {Proceedings of the {{IEEE}}/{{CVF Conference}} on {{Computer Vision}} and {{Pattern Recognition}}},
  author = {Chen, Hanting and Wang, Yunhe and Guo, Tianyu and Xu, Chang and Deng, Yiping and Liu, Zhenhua and Ma, Siwei and Xu, Chunjing and Xu, Chao and Gao, Wen},
  year = {2021},
  pages = {12299--12310}
}
@article{huDKNet_TIM2022,
  title = {Texture-{{Enhanced Light Field Super-Resolution With Spatio-Angular Decomposition Kernels}}},
  author = {Hu, Zexi and Chen, Xiaoming and Yeung, Henry Wing Fung and Chung, Yuk Ying and Chen, Zhibo},
  year = {2022},
  journal = {IEEE Transactions on Instrumentation and Measurement},
  volume = {71},
  pages = {1--16},
  copyright = {All rights reserved}
}
@inproceedings{limEDSR_CVPRW2017,
  title = {Enhanced Deep Residual Networks for Single Image Super-Resolution},
  booktitle = {Proceedings of the {{IEEE}} Conference on Computer Vision and Pattern Recognition Workshops},
  author = {Lim, Bee and Son, Sanghyun and Kim, Heewon and Nah, Seungjun and Mu Lee, Kyoung},
  year = {2017},
  pages = {136--144}
}

@inproceedings{wangOACCNet_CVPR2022,
  title = {Occlusion-{{Aware Cost Constructor}} for {{Light Field Depth Estimation}}},
  booktitle = {Proceedings of the {{IEEE}}/{{CVF Conference}} on {{Computer Vision}} and {{Pattern Recognition}}},
  author = {Wang, Yingqian and Wang, Longguang and Liang, Zhengyu and Yang, Jungang and An, Wei and Guo, Yulan},
  year = {2022},
  pages = {19809--19818}
}

@article{chaoSubFocal_TCI2023,
  title = {Learning Sub-Pixel Disparity Distribution for Light Field Depth Estimation},
  author = {Chao, Wentao and Wang, Xuechun and Wang, Yingqian and Wang, Guanghui and Duan, Fuqing},
  year = {2023},
  journal = {IEEE Transactions on Computational Imaging},
  volume = {9},
  pages = {1126--1138},
  publisher = {{IEEE}},
  urldate = {2023-12-25}
}

@article{wangBoosting_TCI2023,
  title = {Boosting {{Light Field Image Super Resolution Learnt From Single-Image Prior}}},
  author = {Wang, Xingzheng and Wang, Zixuan and Huang, Wenhao and Chen, Kaiqiang and Li, Lihua},
  year = {2023},
  journal = {IEEE Transactions on Computational Imaging},
  publisher = {{IEEE}},
  urldate = {2023-12-25}
}

@inproceedings{xiaoCutMIB_CVPR2023,
  title = {Cutmib: {{Boosting}} Light Field Super-Resolution via Multi-View Image Blending},
  shorttitle = {Cutmib},
  booktitle = {Proceedings of the {{IEEE}}/{{CVF Conference}} on {{Computer Vision}} and {{Pattern Recognition}}},
  author = {Xiao, Zeyu and Liu, Yutong and Gao, Ruisheng and Xiong, Zhiwei},
  year = {2023},
  pages = {1672--1682},
  urldate = {2023-11-20}
}

@article{ding_TCI2023,
  title={Light Field-Based Underwater 3D Reconstruction Via Angular Resampling},
  author={Ding, Yuqi and Chen, Zhang and Ji, Yu and Yu, Jingyi and Ye, Jinwei},
  journal={IEEE Transactions on Computational Imaging},
  year={2023},
  publisher={IEEE}
}

@article{verinaz_TCI2022,
  title={Shift-invariant-subspace discretization and volume reconstruction for light field microscopy},
  author={Verinaz-Jadan, Herman and Song, Pingfan and Howe, Carmel L and Foust, Amanda J and Dragotti, Pier Luigi},
  journal={IEEE Transactions on Computational Imaging},
  volume={8},
  pages={286--301},
  year={2022},
  publisher={IEEE}
}

@article{verinaz_TCI2023,
  title={Physics-based Deep Learning for Imaging Neuronal Activity via Two-photon and Light Field Microscopy},
  author={Verinaz-Jadan, Herman and Howe, Carmel L and Song, Pingfan and Lesept, Flavie and Kittler, Josef and Foust, Amanda J and Dragotti, Pier Luigi},
  journal={IEEE Transactions on Computational Imaging},
  year={2023},
  publisher={IEEE}
}

@incollection{levoy2006light,
  title={Light field microscopy},
  author={Levoy, Marc and Ng, Ren and Adams, Andrew and Footer, Matthew and Horowitz, Mark},
  booktitle={Acm Siggraph 2006 Papers},
  pages={924--934},
  year={2006}
}

@article{duongHLFSR_TCI2023,
  title = {Light {{Field Image Super-Resolution Network}} via {{Joint Spatial-Angular}} and {{Epipolar Information}}},
  author = {Van Duong, Vinh and Huu, Thuc Nguyen and Yim, Jonghoon and Jeon, Byeungwoo},
  year = {2023},
  journal = {IEEE Transactions on Computational Imaging},
  pages = {1--16},
  issn = {2333-9403, 2334-0118, 2573-0436},
  doi = {10.1109/TCI.2023.3261501},
  urldate = {2023-04-07},
  langid = {english}
}

@article{esmaeilzehi_TCI2021,
  title={SRNSSI: a deep light-weight network for single image super resolution using spatial and spectral information},
  author={Esmaeilzehi, Alireza and Ahmad, M Omair and Swamy, MNS},
  journal={IEEE Transactions on Computational Imaging},
  volume={7},
  pages={409--421},
  year={2021},
  publisher={IEEE}
}

@misc{wuSeeSR_arXiv2023,
  title = {{{SeeSR}}: {{Towards Semantics-Aware Real-World Image Super-Resolution}}},
  shorttitle = {{{SeeSR}}},
  author = {Wu, Rongyuan and Yang, Tao and Sun, Lingchen and Zhang, Zhengqiang and Li, Shuai and Zhang, Lei},
  year = {2023},
  month = nov,
  number = {arXiv:2311.16518},
  primaryclass = {cs},
  publisher = {{arXiv}},
  urldate = {2023-12-10},
  archiveprefix = {arxiv}
}

@article{chen_TMM2023,
  title={Fusion-Embedding Siamese Network for Light Field Salient Object Detection},
  author={Chen, Geng and Fu, Huazhu and Zhou, Tao and Xiao, Guobao and Fu, Keren and Xia, Yong and Zhang, Yanning},
  journal={IEEE Transactions on Multimedia},
  year={2023},
  publisher={IEEE}
}

@article{chen_TMM2021,
  title={Deep light field super-resolution using frequency domain analysis and semantic prior},
  author={Chen, Yeyao and Jiang, Gangyi and Jiang, Zhidi and Yu, Mei and Ho, Yo-Sung},
  journal={IEEE Transactions on Multimedia},
  volume={24},
  pages={3722--3737},
  year={2021},
  publisher={IEEE}
}

@article{liu_TMM2022,
  title={Efficient light field angular super-resolution with sub-aperture feature learning and macro-pixel upsampling},
  author={Liu, Gaosheng and Yue, Huanjing and Wu, Jiamin and Yang, Jingyu},
  journal={IEEE Transactions on Multimedia},
  year={2022},
  publisher={IEEE}
}

@article{sun_TMM2022,
  title={Learning a Compact Spatial-Angular Representation for Light Field},
  author={Sun, Yangfan and Li, Li and Li, Zhu and Wang, Shizheng and Liu, Shan and Li, Ge},
  journal={IEEE Transactions on Multimedia},
  year={2022},
  publisher={IEEE}
}

@article{ghassab_TMM2019,
  title={Light field super-resolution using edge-preserved graph-based regularization},
  author={Ghassab, Vahid Khorasani and Bouguila, Nizar},
  journal={IEEE Transactions on Multimedia},
  volume={22},
  number={6},
  pages={1447--1457},
  year={2019},
  publisher={IEEE}
}
