\usepackage[latin1]{inputenc}
@ARTICLE{cs-based5,
  author={Zhang, Xiaoxu and Fan, Pingzhi and Hao, Li and Quan, Xin},
  journal={IEEE Transactions on Vehicular Technology}, 
  title={Generalized Approximate Message Passing Based Bayesian Learning Detectors for Uplink Grant-Free NOMA}, 
  year={2023},
  volume={72},
  number={11},
  pages={15057-15061},
  doi={10.1109/TVT.2023.3280919}}

@ARTICLE{cs-based4,
  author={Gao, Zhen and Ke, Malong and Mei, Yikun and Qiao, Li and Chen, Sheng and Ng, Derrick Wing Kwan and Poor, H. Vincent},
  journal={IEEE Internet of Things Journal}, 
  title={Compressive Sensing-Based Grant-Free Massive Access for 6G Massive Communication}, 
  year={2023},
  volume={},
  number={},
  pages={1-1},
  doi={10.1109/JIOT.2023.3334878}}

@ARTICLE{ml-based3,
  author={Khan, Saud and Durrani, Salman and Shahab, Muhammad Basit and Johnson, Sarah J. and Camtepe, Seyit},
  journal={IEEE Open Journal of the Communications Society}, 
  title={Joint User and Data Detection in Grant-Free NOMA With Attention-Based BiLSTM Network}, 
  year={2023},
  volume={4},
  number={},
  pages={1499-1515}}

@ARTICLE{DRL_K_adj,
  author={Yu, Hanxiao and Zhao, Hanyu and Fei, Zesong and Wang, Jing and Chen, Zhiming and Gong, Yuping},
  journal={IEEE Internet of Things Journal}, 
  title={Deep-Reinforcement-Learning-Based NOMA-Aided Slotted ALOHA for LEO Satellite IoT Networks}, 
  year={2023},
  volume={10},
  number={20},
  pages={17772-17784}}
@ARTICLE{NC1,
  author={Trullols-Cruces, Oscar and Barcelo-Ordinas, Jose M. and Fiore, Marco},
  journal={IEEE Communications Letters}, 
  title={Exact Decoding Probability Under Random Linear Network Coding}, 
  year={2011},
  volume={15},
  number={1},
  pages={67-69},
  doi={10.1109/LCOMM.2010.110310.101480}}

@ARTICLE{K-rep1,
  author={Liu, Yan and Deng, Yansha and Elkashlan, Maged and Nallanathan, Arumugam and Karagiannidis, George K.},
  journal={IEEE Journal on Selected Areas in Communications}, 
  title={Analyzing Grant-Free Access for URLLC Service}, 
  year={2021},
  volume={39},
  number={3},
  pages={741-755},
  doi={10.1109/JSAC.2020.3018822}}

@misc{K-scma,
      title={A Novel K-Repetition Design for SCMA}, 
      author={Ke Lai and Zilong Liu and Jing Lei and Lei Wen and Gaojie Chen and Pei Xiao},
      year={2022},
      eprint={2205.08149},
      archivePrefix={arXiv},
      primaryClass={cs.IT}
}

@ARTICLE{SNC,
  author={Choi, Jinho},
  journal={IEEE Transactions on Wireless Communications}, 
  title={Sliding Network Coding for URLLC}, 
  year={2022},
  volume={21},
  number={6},
  pages={4424-4433},
  doi={10.1109/TWC.2021.3129996}}

@ARTICLE{NetworkCoding21,
  author={Choi, Jinho and Ding, Jie},
  journal={IEEE Wireless Communications Letters}, 
  title={Network Coding for K-Repetition in Grant-Free Random Access}, 
  year={2021},
  volume={10},
  number={11},
  pages={2557-2561},
  doi={10.1109/LWC.2021.3107314}}

@INPROCEEDINGS{IEP,
  author={Chen, S. G.},
  booktitle={2014 IEEE International Conference on Industrial Engineering and Engineering Management}, 
  title={Reduced Recursive Inclusion-exclusion Principle for the probability of union events}, 
  year={2014},
  volume={},
  number={},
  pages={11-13},
  doi={10.1109/IEEM.2014.7058590}}

@INPROCEEDINGS{26,
  author={R1-166098},
  title={Discussion on the feasibility of advanced MU-detector}, 
  year={Huawei, HiSilicon, RAN1\#86, Aug. 2019},
  volume={},
  number={}}
  
@article{24,
  author={Abreu, Renato and others},
  journal={IEEE VTC2019-Spring}, 
  title={System Level Analysis of eMBB and Grant-Free URLLC Multiplexing in Uplink}, 
  year={2019},
  volume={},
  number={},
  pages={1-5}}

  
@article{23,
  author={Abebe, Ameha T. and others},
  journal={IEEE ICC}, 
  title={Comprehensive grant-free random access for massive \& low latency communication}, 
  year={2017},
  volume={},
  number={},
  pages={1-6}
  }

@article{21,
title = {Throughput and latency in the distributed Q-learning random access mMTC networks},
journal = {Computer Networks},
volume = {206},
pages = {108787},
year = {2022},
issn = {1389-1286},
doi = {https://doi.org/10.1016/j.comnet.2022.108787},
author = {Giovanni Maciel Ferreira Silva and others}
}


@ARTICLE{20,
  author={da Silva, Matheus Valente and others},
  journal={IEEE Wireless Commun. Lett.}, 
  title={A NOMA-Based Q-Learning Random Access Method for Machine Type Communications}, 
  year={2020},
  volume={9},
  number={10},
  pages={1720-1724}
  }

@ARTICLE{19,
  author={Abbas, Rana and others},
  journal={IEEE Trans. Commun.}, 
  title={A Novel Analytical Framework for Massive Grant-Free NOMA}, 
  year={2019},
  volume={67},
  number={3},
  pages={2436-2449}
  }

@ARTICLE{18,
  author={Liu, Jiajia and others},
  journal={IEEE J. Sel. Areas Commun.}, 
  title={Distributed Q-Learning Aided Uplink Grant-Free NOMA for Massive Machine-Type Communications}, 
  year={2021},
  volume={39},
  number={7},
  pages={2029-2041}
  
  }

@ARTICLE{17,
  author={da Silva, Matheus V. and others},
  journal={IEEE Access}, 
  title={D2D Assisted Q-Learning Random Access for NOMA-Based MTC Networks}, 
  year={2022},
  volume={10},
  number={},
  pages={30694-30706}
  }

@article{16,
  author={Le, Tien Thanh and others},
  journal={IEEE VTC2022-Fall}, 
  title={TinyQMIX: Distributed Access Control for mMTC via Multi-agent Reinforcement Learning}, 
  year={2022},
  volume={},
  number={},
  pages={1-6}
  }

@article{15,
	year = 2021,
	month = {Dec},
	volume = {19},
	number = {4},
    pages={105-110},
	author = {Yihua MA  and others},
  
	title = {Truly Grant-Free Technologies and Protocols for 6G},
	journal = {ZTE Communications}
}

@article{14,
	year = 2022,
	month = {apr},
	publisher = {Wiley},
	volume = {33},
	number = {9},
	author = {Giovanni Maciel Ferreira Silva and others},
  
	title = {Multipower-level Q-learning algorithm for random access in nonorthogonal multiple access massive machine-type communications systems},
	journal = {Transactions on Emerging Telecommunications Technologies}
}

@ARTICLE{9,
  author={Zhang, Jiazhen and others},
  journal={IEEE Internet Things J.}, 
  title={Deep Reinforcement Learning for Throughput Improvement of the Uplink Grant-Free NOMA System}, 
  year={2020},
  volume={7},
  number={7},
  pages={6369-6379}
  }

@ARTICLE{8,
  author={Shahab, Muhammad Basit and others},
  journal={IEEE Commun. Surv. Tutor.}, 
  title={Grant-Free Non-Orthogonal Multiple Access for IoT: A Survey}, 
  year={2020},
  volume={22},
  number={3},
  pages={1805-1838}
  }

@ARTICLE{5,
  author={Shariatmadari, Hamidreza and others},
  journal={IEEE Communications Magazine}, 
  title={Machine-type communications: current status and future perspectives toward 5G systems}, 
  year={2015},
  volume={53},
  number={9},
  pages={10-17}
  }

@ARTICLE{4,
  author={Bockelmann, Carsten and others},
  journal={IEEE Communications Magazine}, 
  title={Massive machine-type communications in 5g: physical and MAC-layer solutions}, 
  year={2016},
  volume={54},
  number={9},
  pages={59-65}
  }


@INPROCEEDINGS{3,
  author={Jiang, Hui and others},
  booktitle={2018 IEEE 29th Annual International Symposium on Personal, Indoor and Mobile Radio Communications (PIMRC)}, 
  title={Distributed Layered Grant-Free Non-Orthogonal Multiple Access for Massive MTC}, 
  year={2018},
  volume={},
  number={},
  pages={1-7}
  }

@INPROCEEDINGS{2,
  author={Shen, Lingfeng and others},
  booktitle={ICC 2020 - 2020 IEEE International Conference on Communications (ICC)}, 
  title={UAV-enabled Data Collection for mMTC Networks: AEM Modeling and Energy-Efficient Trajectory Design}, 
  year={2020},
  volume={},
  number={},
  pages={1-6}
  }
  
@ARTICLE{1,
  author={Senel, Kamil and others},
  journal={IEEE Trans. Commun.}, 
  title={Grant-Free Massive MTC-Enabled Massive MIMO: A Compressive Sensing Approach}, 
  year={2018},
  volume={66},
  number={12},
  pages={6164-6175}}
@article{Arbanas2018,
  title={Decentralized planning and control for UAV–UGV cooperative teams},
  author={Barbara Arbanas and others},
  journal={Autonomous Robots},
  year={2018},
  volume={42},
  pages={1601-1618}
}
@Article{Nakamura2013,
author={Nakamura, Tetsuya and others},
title={A shape-based similarity measure for time series data with ensemble learning},
journal={Pattern Analysis and Applications},
year={2013},
month={Nov},
day={01},
volume={16},
number={4},
pages={535-548},
issn={1433-755X},
}

@article{grant_free_NOMA_survey,
author={M. B. Shahab, R. Abbas, M. Shirvanimoghaddam and S. J. Johnson},
journal={IEEE Communications Surveys \& Tutorials}, 
title={Grant-Free Non-Orthogonal Multiple Access for IoT: A Survey,}, 
year={2020},
volume={22},
number={3},
pages={1805-1838}}

@INPROCEEDINGS{mMTC_3GPP,
author={R1-1609398},
title={Uplink Grant-free Access for 5G mMTC}, 
year={Lenovo, RAN WG1 \#86bis, 10th – 15th October 2016},
volume={},
number={}}

@INPROCEEDINGS{9620221,
  author={Ramatryana, I Nyoman Apraz and Shin, Soo Young},
  booktitle={2021 International Conference on Information and Communication Technology Convergence (ICTC)}, 
  title={NOMA-Based CRDSA with Access Control for Next-Generation IoT Networks}, 
  year={2021},
  volume={},
  number={},
  pages={997-1001},
  doi={10.1109/ICTC52510.2021.9620221}}

@article{pd-mud1,
  title={User pairing and power allocation for non-orthogonal multiple access: Capacity maximization under data reliability constraints},
  author={Shahab, Muhammad Basit and Shin, Soo Young},
  journal={Physical Communication},
  volume={30},
  pages={132--144},
  year={2018},
  publisher={Elsevier}
}

@inproceedings{pd-mud2,
  author={Balevi, Eren and Rabee, Faeik T. Al and Gitlin, Richard D.},
  booktitle={2018 IEEE International Conference on Communications (ICC)}, 
  title={ALOHA-NOMA for Massive Machine-to-Machine IoT Communication}, 
  year={2018},
  volume={},
  number={},
  pages={1-5},
}

@article{pd-mud3,
  title={NOMA-based random access with multichannel ALOHA},
  author={Choi, Jinho},
  journal={IEEE Journal on Selected Areas in Communications},
  volume={35},
  number={12},
  pages={2736--2743},
  year={2017},
  publisher={IEEE}
}

@inproceedings{cd-based1,
  title={Sparse code multiple access},
  author={Nikopour, Hosein and Baligh, Hadi},
  booktitle={2013 IEEE 24th Annual International Symposium on Personal, Indoor, and Mobile Radio Communications (PIMRC)},
  pages={332--336},
  year={2013},
  organization={IEEE}
}

@article{cd-based2,
  title={A tutorial on decoding techniques of sparse code multiple access},
  author={Chaturvedi, Saumya and Liu, Zilong and Bohara, Vivek Ashok and Srivastava, Anand and Xiao, Pei},
  journal={IEEE Access},
  volume={10},
  pages={58503--58524},
  year={2022},
  publisher={IEEE}
}

@INPROCEEDINGS{cd-based3,
  author={R1-164037},
  title={LLS Results for Uplink Multiple Access}, 
  year={Huawei, HiSilicon, TSG-RAN WG1 Meeting \#85, May 2016},
  volume={},
  number={}}

@INPROCEEDINGS{cd-based4,
  author={R1-166405},
  title={Discussion on Grant-Free Concept for UL mMTC}, 
  year={ZTE, ZTE Microelectronics, TSG-RAN WG1 Meeting \#86, Aug. 2016},
  volume={},
  number={}}

@inproceedings{cs-based1,
  title={Compressive sensing based multi-user detection for uplink grant-free non-orthogonal multiple access},
  author={Wang, Bichai and Dai, Linglong and Yuan, Yifei and Wang, Zhaocheng},
  booktitle={2015 IEEE 82nd Vehicular Technology Conference (VTC2015-Fall)},
  pages={1--5},
  year={2015},
  organization={IEEE}
}

@inproceedings{cs-based2,
  title={Compressive sensing based time-frequency joint non-orthogonal multiple access},
  author={Tan, Jingbo and Ding, Wenbo and Yang, Fang and Pan, Changyong and Song, Jian},
  booktitle={2016 IEEE International Symposium on Broadband Multimedia Systems and Broadcasting (BMSB)},
  pages={1--4},
  year={2016},
  organization={IEEE}
}

@inproceedings{cs-based2,
  title={Compressive sensing based time-frequency joint non-orthogonal multiple access},
  author={Tan, Jingbo and Ding, Wenbo and Yang, Fang and Pan, Changyong and Song, Jian},
  booktitle={2016 IEEE International Symposium on Broadband Multimedia Systems and Broadcasting (BMSB)},
  pages={1--4},
  year={2016},
  organization={IEEE}
}

@article{cs-based3,
  title={CoSaMP: Iterative signal recovery from incomplete and inaccurate samples},
  author={Needell, Deanna and Tropp, Joel A},
  journal={Applied and computational harmonic analysis},
  volume={26},
  number={3},
  pages={301--321},
  year={2009},
  publisher={Elsevier}
}

@article{ml-based1,
  title={Block-sparsity-based multiuser detection for uplink grant-free NOMA},
  author={Du, Yang and Cheng, Cong and Dong, Binhong and Chen, Zhi and Wang, Xiaodong and Fang, Jun and Li, Shaoqian},
  journal={IEEE Transactions on Wireless Communications},
  volume={17},
  number={12},
  pages={7894--7909},
  year={2018},
  publisher={IEEE}
}

@article{ml-based2,
  title={Deep neural network-based active user detection for grant-free NOMA systems},
  author={Kim, Wonjun and Ahn, Yongjun and Shim, Byonghyo},
  journal={IEEE Transactions on Communications},
  volume={68},
  number={4},
  pages={2143--2155},
  year={2020},
  publisher={IEEE}
}

@inproceedings{MUD1,
author = {Wang, Shu},
year = {2006},
month = {04},
pages = {},
title = {Toward Forward Link Interference Cancellation}
}

@ARTICLE{MUD2,
  author={Du, Yang and Cheng, Cong and Dong, Binhong and Chen, Zhi and Wang, Xiaodong and Fang, Jun and Li, Shaoqian},
  journal={IEEE Transactions on Wireless Communications}, 
  title={Block-Sparsity-Based Multiuser Detection for Uplink Grant-Free NOMA}, 
  year={2018},
  volume={17},
  number={12},
  pages={7894-7909},
  doi={10.1109/TWC.2018.2872594}}

@ARTICLE{MUD3,
  author={Kim, Wonjun and Ahn, Yongjun and Shim, Byonghyo},
  journal={IEEE Transactions on Communications}, 
  title={Deep Neural Network-Based Active User Detection for Grant-Free NOMA Systems}, 
  year={2020},
  volume={68},
  number={4},
  pages={2143-2155},
  doi={10.1109/TCOMM.2020.2969184}}

@ARTICLE{MUD4,
  author={Fazel, Fatemeh and Fazel, Maryam and Stojanovic, Milica},
  journal={IEEE Transactions on Wireless Communications}, 
  title={Random Access Compressed Sensing over Fading and Noisy Communication Channels}, 
  year={2013},
  volume={12},
  number={5},
  pages={2114-2125},
  doi={10.1109/TWC.2013.032013.120489}}

@ARTICLE{MUD5,
  author={Wang, Bichai and Dai, Linglong and Zhang, Yuan and Mir, Talha and Li, Jianjun},
  journal={IEEE Communications Letters}, 
  title={Dynamic Compressive Sensing-Based Multi-User Detection for Uplink Grant-Free NOMA}, 
  year={2016},
  volume={20},
  number={11},
  pages={2320-2323},
  doi={10.1109/LCOMM.2016.2602264}}

@ARTICLE{SIC1,
  author={Azari, Amin and Stefanović, Cedomir and Popovski, Petar and Cavdar, Cicek},
  journal={IEEE Transactions on Green Communications and Networking}, 
  title={Energy-Efficient and Reliable IoT Access Without Radio Resource Reservation}, 
  year={2021},
  volume={5},
  number={2},
  pages={908-920},
  doi={10.1109/TGCN.2021.3051033}}

@ARTICLE{SIC2,
  author={Zhang, Xinchen and Haenggi, Martin},
  journal={IEEE Transactions on Information Theory}, 
  title={The Performance of Successive Interference Cancellation in Random Wireless Networks}, 
  year={2014},
  volume={60},
  number={10},
  pages={6368-6388},
  doi={10.1109/TIT.2014.2341248}}


@incollection{SIC3,
  author = {Piero Angeletti and Stefano Cioni and Jerome Tronc and Claudio Campa and Filippo {Di Cecca} and Gennaro Gallinaro and Eugenio Rossini and Rosalba Suffritti and Enzo Candreva and Elisabetta Primo and Alessandro Vanelli-Coralli},
  booktitle = {Cooperative and Cognitive Satellite Systems},
  doi = {https://doi.org/10.1016/B978-0-12-799948-7.00005-0},
  isbn = {978-0-12-799948-7},	
  pages = {155-194},
  publisher = {Academic Press},
  title = {Chapter 5 - On-ground beam forming techniques for mobile satellite systems applications},
  url = {https://www.sciencedirect.com/science/article/pii/B9780127999487000050},
  year = {2015},
  bdsk-url-1 = {https://www.sciencedirect.com/science/article/pii/B9780127999487000050},
  bdsk-url-2 = {https://doi.org/10.1016/B978-0-12-799948-7.00005-0}}

@ARTICLE{SIC4,
  author={Srivatsa, Chirag Ramesh and Murthy, Chandra R.},
  journal={IEEE Transactions on Signal Processing}, 
  title={On the Impact of Channel Estimation on the Design and Analysis of IRSA Based Systems}, 
  year={2022},
  volume={70},
  number={},
  pages={4186-4200},
  doi={10.1109/TSP.2022.3186539}}

@book{SIC5,
  title={Multiuser detection},
  author={Verdu, Sergio},
  year={1998},
  publisher={Cambridge university press}
}


@ARTICLE{repetition1,
  author={Le, Trung-Kien and Salim, Umer and Kaltenberger, Florian},
  journal={IEEE Access}, 
  title={An Overview of Physical Layer Design for Ultra-Reliable Low-Latency Communications in 3GPP Releases 15, 16, and 17}, 
  year={2021},
  volume={9},
  number={},
  pages={433-444},
  doi={10.1109/ACCESS.2020.3046773}}

@ARTICLE{CRDSA1,
  author={Casini, Enrico and De Gaudenzi, Riccardo and Del Rio Herrero, Oscar},
  journal={IEEE Transactions on Wireless Communications}, 
  title={Contention Resolution Diversity Slotted ALOHA (CRDSA): An Enhanced Random Access Schemefor Satellite Access Packet Networks}, 
  year={2007},
  volume={6},
  number={4},
  pages={1408-1419},
  doi={10.1109/TWC.2007.348337}}

@ARTICLE{CRDSA2,
  author={Liva, Gianluigi},
  journal={IEEE Transactions on Communications}, 
  title={Graph-Based Analysis and Optimization of Contention Resolution Diversity Slotted ALOHA}, 
  year={2011},
  volume={59},
  number={2},
  pages={477-487},
  doi={10.1109/TCOMM.2010.120710.100054}}

@ARTICLE{CRDSA3,
  author={Alvi, Sheeraz and Durrani, Salman and Zhou, Xiangyun},
  journal={IEEE Transactions on Vehicular Technology}, 
  title={Enhancing CRDSA With Transmit Power Diversity for Machine-Type Communication}, 
  year={2018},
  volume={67},
  number={8},
  pages={7790-7794},
  doi={10.1109/TVT.2018.2831926}}

@INPROCEEDINGS{CRDSA4,
  author={Ramatryana, I Nyoman Apraz and Shin, Soo Young},
  booktitle={2021 International Conference on Information and Communication Technology Convergence (ICTC)}, 
  title={NOMA-Based CRDSA with Access Control for Next-Generation IoT Networks}, 
  year={2021},
  volume={},
  number={},
  pages={997-1001},
  doi={10.1109/ICTC52510.2021.9620221}}

@ARTICLE{PIC1,
  author={J. Gu, R.C.D. Lamare},
  journal={Eurasip Journal on Wireless Communications \& Networking}, 
  title={Joint interference cancellation and relay selection algorithms based on greedy techniques for cooperative DS- CDMA systems}, 
  year={2016},
  volume={2016},
  pages={1-19}}

@INPROCEEDINGS{PIC2,
  author={Wang, Ge and Zhao, Zhijin and Xu, Tiancheng},
  booktitle={2018 14th IEEE International Conference on Signal Processing (ICSP)}, 
  title={A Joint Interference Cancellation Method For Non-Orthogonal Multiple Access Uplink Signals}, 
  year={2018},
  volume={},
  number={},
  pages={694-697},
  doi={10.1109/ICSP.2018.8652500}}

@INPROCEEDINGS{PIC3,
  author={Zhou, Qi and Shen, Shuyi and Hsu, Chin-Wei and Chen, You-Wei and Finkelstein, Jeff and Chang, Gee-Kung},
  booktitle={2021 Opto-Electronics and Communications Conference (OECC)}, 
  title={Novel Parallel Interference Cancellation Scheme for Non-Orthogonal Multiple Access in Millimeter-Wave RAN Using Convolutional Neural Network}, 
  year={2021},
  volume={},
  number={},
  pages={1-3},
  doi={10.1364/OECC.2021.W4A.6}}

@INPROCEEDINGS{4-rach,
  author={TS 38.300 V15.4.0},
  title={NR; NR and NG-RAN Overall Description; Stage 2}, 
  year={3GPP, December 2018},
  volume={},
  number={}}

@INPROCEEDINGS{2-rach,
  author={R1‑1910689},
  title={Remaining details of 2-step RACH Procedure}, 
  year={Nokia, Nokia Shanghai Bell, Oct. 2019},
  volume={},
  number={}}

@INPROCEEDINGS{k-repetition,
  title={5G; NR; Physical Layer Procedures for Data,}, 
  year={document 3GPP TS 38.214 v15.9.0 release 15, Mar. 2020},
  volume={},
  number={}}