@String(PAMI = {IEEE Trans. Pattern Anal. Mach. Intell.})
@String(IJCV = {Int. J. Comput. Vis.})
@String(CVPR= {IEEE Conf. Comput. Vis. Pattern Recog.})
@String(ICCV= {Int. Conf. Comput. Vis.})
@String(ECCV= {Eur. Conf. Comput. Vis.})
@String(NIPS= {Adv. Neural Inform. Process. Syst.})
@String(ICPR = {Int. Conf. Pattern Recog.})
@String(BMVC= {Brit. Mach. Vis. Conf.})
@String(TOG= {ACM Trans. Graph.})
@String(TIP  = {IEEE Trans. Image Process.})
@String(TVCG  = {IEEE Trans. Vis. Comput. Graph.})
@String(TMM  = {IEEE Trans. Multimedia})
@String(ACMMM= {ACM Int. Conf. Multimedia})
@String(ICME = {Int. Conf. Multimedia and Expo})
@String(ICASSP=	{ICASSP})
@String(ICIP = {IEEE Int. Conf. Image Process.})
@String(ACCV  = {ACCV})
@String(ICLR = {Int. Conf. Learn. Represent.})
@String(IJCAI = {IJCAI})
@String(PR   = {Pattern Recognition})
@String(AAAI = {AAAI})
@String(CVPRW= {IEEE Conf. Comput. Vis. Pattern Recog. Worksh.})
@String(CSVT = {IEEE Trans. Circuit Syst. Video Technol.})

@String(SPL	= {IEEE Sign. Process. Letters})
@String(VR   = {Vis. Res.})
@String(JOV	 = {J. Vis.})
@String(TVC  = {The Vis. Comput.})
@String(JCST  = {J. Comput. Sci. Tech.})
@String(CGF  = {Comput. Graph. Forum})
@String(CVM = {Computational Visual Media})


@String(PAMI  = {IEEE TPAMI})
@String(IJCV  = {IJCV})
@String(CVPR  = {CVPR})
@String(ICCV  = {ICCV})
@String(ECCV  = {ECCV})
@String(NIPS  = {NeurIPS})
@String(ICPR  = {ICPR})
@String(BMVC  =	{BMVC})
@String(TOG   = {ACM TOG})
@String(TIP   = {IEEE TIP})
@String(TVCG  = {IEEE TVCG})
@String(TCSVT = {IEEE TCSVT})
@String(TMM   =	{IEEE TMM})
@String(ACMMM = {ACM MM})
@String(ICME  =	{ICME})
@String(ICASSP=	{ICASSP})
@String(ICIP  = {ICIP})
@String(ACCV  = {ACCV})
@String(ICLR  = {ICLR})
@String(IJCAI = {IJCAI})
@String(PR = {PR})
@String(AAAI = {AAAI})
@String(CVPRW= {CVPRW})
@String(CSVT = {IEEE TCSVT})



@misc{Authors14,
 author = {FirstName LastName},
 title = {The frobnicatable foo filter},
 note = {Face and Gesture submission ID 324. Supplied as supplemental material {\tt fg324.pdf}},
 year = 2014
}

@misc{Authors14b,
 author = {FirstName LastName},
 title = {Frobnication tutorial},
 note = {Supplied as supplemental material {\tt tr.pdf}},
 year = 2014
}

@article{Alpher02,
author = {FirstName Alpher},
title = {Frobnication},
journal = PAMI,
volume = 12,
number = 1,
pages = {234--778},
year = 2002
}

@article{Alpher03,
author = {FirstName Alpher and  FirstName Fotheringham-Smythe},
title = {Frobnication revisited},
journal = {Journal of Foo},
volume = 13,
number = 1,
pages = {234--778},
year = 2003
}

@article{Alpher04,
author = {FirstName Alpher and FirstName Fotheringham-Smythe and FirstName Gamow},
title = {Can a machine frobnicate?},
journal = {Journal of Foo},
volume = 14,
number = 1,
pages = {234--778},
year = 2004
}

@inproceedings{Alpher05,
author = {FirstName Alpher and FirstName Gamow},
title = {Can a computer frobnicate?},
booktitle = CVPR,
pages = {234--778},
year = 2005
}


@incollection{Bengio+chapter2007,
author = {Bengio, Yoshua and LeCun, Yann},
booktitle = {Large Scale Kernel Machines},
publisher = {MIT Press},
title = {Scaling Learning Algorithms Towards {AI}},
year = {2007}
}

@article{Hinton06,
author = {Hinton, Geoffrey E. and Osindero, Simon and Teh, Yee Whye},
journal = {Neural Computation},
pages = {1527--1554},
title = {A Fast Learning Algorithm for Deep Belief Nets},
volume = {18},
year = {2006}
}

@book{goodfellow2016deep,
title={Deep learning},
author={Goodfellow, Ian and Bengio, Yoshua and Courville, Aaron and Bengio, Yoshua},
volume={1},
year={2016},
publisher={MIT Press}
}

@article{mei2020pyramid,
  title={Pyramid attention networks for image restoration},
  author={Mei, Yiqun and Fan, Yuchen and Zhang, Yulun and Yu, Jiahui and Zhou, Yuqian and Liu, Ding and Fu, Yun and Huang, Thomas S and Shi, Honghui},
  journal={arXiv preprint arXiv:2004.13824},
  year={2020}
}
@inproceedings{he2019dynamic,
  title={Dynamic multi-scale filters for semantic segmentation},
  author={He, Junjun and Deng, Zhongying and Qiao, Yu},
  booktitle={Proceedings of the IEEE/CVF International Conference on Computer Vision (ICCV)},
  pages={3562--3572},
  year={2019}
}

@inproceedings{ma2020weightnet,
  title={WeightNet: Revisiting the Design Space of Weight Networks},
  author={Ma, Ningning and Zhang, Xiangyu and Huang, Jiawei and Sun, Jian},
  booktitle={Proceedings of the European Conference on Computer Vision (ECCV)},
  year={2020}
}

@inproceedings{wu2018dynamic,
  title={Dynamic filtering with large sampling field for convnets},
  author={Wu, Jialin and Li, Dai and Yang, Yu and Bajaj, Chandrajit and Ji, Xiangyang},
  booktitle={Proceedings of the European Conference on Computer Vision (ECCV)},
  pages={185--200},
  year={2018}
}

@inproceedings{aittala2018burst,
  title={Burst image deblurring using permutation invariant convolutional neural networks},
  author={Aittala, Miika and Durand, Fr{\'e}do},
  booktitle={Proceedings of the European Conference on Computer Vision (ECCV)},
  pages={731--747},
  year={2018}
}

@inproceedings{liu2017robust,
  title={Robust video super-resolution with learned temporal dynamics},
  author={Liu, Ding and Wang, Zhaowen and Fan, Yuchen and Liu, Xianming and Wang, Zhangyang and Chang, Shiyu and Huang, Thomas},
  booktitle={Proceedings of the IEEE International Conference on Computer Vision (ICCV)},
  pages={2507--2515},
  year={2017}
}

@article{kappeler2016video,
  title={Video super-resolution with convolutional neural networks},
  author={Kappeler, Armin and Yoo, Seunghwan and Dai, Qiqin and Katsaggelos, Aggelos K},
  journal={IEEE Transactions on Computational Imaging},
  volume={2},
  number={2},
  pages={109--122},
  year={2016},
  publisher={IEEE}
}

@article{zhou2020cross,
  title={Cross-scale internal graph neural network for image super-resolution},
  author={Zhou, Shangchen and Zhang, Jiawei and Zuo, Wangmeng and Loy, Chen Change},
  journal={arXiv preprint arXiv:2006.16673},
  year={2020}
}


@inproceedings{dai2017deformable,
  title={Deformable convolutional networks},
  author={Dai, Jifeng and Qi, Haozhi and Xiong, Yuwen and Li, Yi and Zhang, Guodong and Hu, Han and Wei, Yichen},
  booktitle={Proceedings of the IEEE international conference on computer vision (ICCV)},
  pages={764--773},
  year={2017}
}

@article{pan2018hyperst,
  title={Hyperst-net: Hypernetworks for spatio-temporal forecasting},
  author={Pan, Zheyi and Liang, Yuxuan and Zhang, Junbo and Yi, Xiuwen and Yu, Yong and Zheng, Yu},
  journal={arXiv preprint arXiv:1809.10889},
  year={2018}
}

@article{krueger2017bayesian,
  title={Bayesian hypernetworks},
  author={Krueger, David and Huang, Chin-Wei and Islam, Riashat and Turner, Ryan and Lacoste, Alexandre and Courville, Aaron},
  journal={arXiv preprint arXiv:1710.04759},
  year={2017}
}

@inproceedings{brock2018smash,
  title={SmaSH: One-shot model architecture search through hypernetworks},
  author={Brock, Andrew and Lim, Theodore and Ritchie, James Millar and Weston, Nicholas J},
  booktitle={6th International Conference on Learning Representations 2018 (ICLR) },
  year={2018}
}

@inproceedings{liu2019metapruning,
  title={Metapruning: Meta learning for automatic neural network channel pruning},
  author={Liu, Zechun and Mu, Haoyuan and Zhang, Xiangyu and Guo, Zichao and Yang, Xin and Cheng, Kwang-Ting and Sun, Jian},
  booktitle={Proceedings of the IEEE/CVF International Conference on Computer Vision (ICCV)},
  pages={3296--3305},
  year={2019}
}

@inproceedings{li2020dhp,
  title={DHP: Differentiable Meta Pruning via HyperNetworks},
  author={Li, Yawei and Gu, Shuhang and Van Gool, Luc and Timofte, Radu and others},
  booktitle={European Conference on Computer Vision and Pattern Recognition (ECCV), 2020},
  year={2020}
}

@inproceedings{von2019continual,
  title={Continual learning with hypernetworks},
  author={von Oswald, Johannes and Henning, Christian and Sacramento, Jo{\~a}o and Grewe, Benjamin F},
  booktitle={International Conference on Learning Representations (ICLR)},
  year={2019}
}



@inproceedings{jia2016dynamic,
  title={Dynamic filter networks},
  author={Jia, Xu and De Brabandere, Bert and Tuytelaars, Tinne and Van Gool, Luc},
  booktitle={Neural Information Processing Systems (NIPS)},
  year={2016}
}


@inproceedings{fan2018decouple,
  title={Decouple learning for parameterized image operators},
  author={Fan, Qingnan and Chen, Dongdong and Yuan, Lu and Hua, Gang and Yu, Nenghai and Chen, Baoquan},
  booktitle={Proceedings of the European Conference on Computer Vision (ECCV)},
  pages={442--458},
  year={2018}
}


@article{ha2016hypernetworks,
  title={Hypernetworks},
  author={Ha, David and Dai, Andrew and Le, Quoc V},
  journal={arXiv preprint arXiv:1609.09106},
  year={2016}
}


@article{liu2013bayesian,
  title={On Bayesian adaptive video super resolution},
  author={Liu, Ce and Sun, Deqing},
  journal={IEEE transactions on pattern analysis and machine intelligence},
  volume={36},
  number={2},
  pages={346--360},
  year={2013},
  publisher={IEEE}
}



@inproceedings{niklaus2017video,
  title={Video frame interpolation via adaptive convolution},
  author={Niklaus, Simon and Mai, Long and Liu, Feng},
  booktitle={Proceedings of the IEEE Conference on Computer Vision and Pattern Recognition (CVPR)},
  pages={670--679},
  year={2017}
}

@inproceedings{niklaus2017video1,
  title={Video frame interpolation via adaptive separable convolution},
  author={Niklaus, Simon and Mai, Long and Liu, Feng},
  booktitle={Proceedings of the IEEE International Conference on Computer Vision (ICCV)},
  pages={261--270},
  year={2017}
}

@inproceedings{yi2019progressive,
  title={Progressive fusion video super-resolution network via exploiting non-local spatio-temporal correlations},
  author={Yi, Peng and Wang, Zhongyuan and Jiang, Kui and Jiang, Junjun and Ma, Jiayi},
  booktitle={Proceedings of the IEEE/CVF International Conference on Computer Vision (ICCV)},
  pages={3106--3115},
  year={2019}
}

@inproceedings{caballero2017real,
  title={Real-time video super-resolution with spatio-temporal networks and motion compensation},
  author={Caballero, Jose and Ledig, Christian and Aitken, Andrew and Acosta, Alejandro and Totz, Johannes and Wang, Zehan and Shi, Wenzhe},
  booktitle={Proceedings of the IEEE Conference on Computer Vision and Pattern Recognition (CVPR) },
  pages={4778--4787},
  year={2017}
}



@inproceedings{tao2017detail,
  title={Detail-revealing deep video super-resolution},
  author={Tao, Xin and Gao, Hongyun and Liao, Renjie and Wang, Jue and Jia, Jiaya},
  booktitle={Proceedings of the IEEE International Conference on Computer Vision (ICCV)},
  pages={4472--4480},
  year={2017}
}

@article{chan2020basicvsr,
  title={BasicVSR: The Search for Essential Components in Video Super-Resolution and Beyond},
  author={Chan, Kelvin CK and Wang, Xintao and Yu, Ke and Dong, Chao and Loy, Chen Change},
  journal={arXiv preprint arXiv:2012.02181},
  year={2020}
}

@inproceedings{mildenhall2018burst,
  title={Burst denoising with kernel prediction networks},
  author={Mildenhall, Ben and Barron, Jonathan T and Chen, Jiawen and Sharlet, Dillon and Ng, Ren and Carroll, Robert},
  booktitle={Proceedings of the IEEE Conference on Computer Vision and Pattern Recognition (CVPR)},
  pages={2502--2510},
  year={2018}
}


@inproceedings{xia2020basis,
  title={Basis Prediction Networks for Effective Burst Denoising with Large Kernels},
  author={Xia, Zhihao and Perazzi, Federico and Gharbi, Micha{\"e}l and Sunkavalli, Kalyan and Chakrabarti, Ayan},
  booktitle={Proceedings of the IEEE/CVF Conference on Computer Vision and Pattern Recognition (CVPR)},
  pages={11844--11853},
  year={2020}
}


@inproceedings{xu2020unified,
  title={Unified Dynamic Convolutional Network for Super-Resolution with Variational Degradations},
  author={Xu, Yu-Syuan and Tseng, Shou-Yao Roy and Tseng, Yu and Kuo, Hsien-Kai and Tsai, Yi-Min},
  booktitle={Proceedings of the IEEE/CVF Conference on Computer Vision and Pattern Recognition (CVPR)},
  pages={12496--12505},
  year={2020}
}
@article{li2020mucan,
  title={MuCAN: Multi-Correspondence Aggregation Network for Video Super-Resolution},
  author={Li, Wenbo and Tao, Xin and Guo, Taian and Qi, Lu and Lu, Jiangbo and Jia, Jiaya},
  journal={arXiv preprint arXiv:2007.11803},
  year={2020}
}
@inproceedings{haris2019recurrent,
  title={Recurrent back-projection network for video super-resolution},
  author={Haris, Muhammad and Shakhnarovich, Gregory and Ukita, Norimichi},
  booktitle={Proceedings of the IEEE Conference on Computer Vision and Pattern Recognition (CVPR)},
  pages={3897--3906},
  year={2019}
}

@article{niu2020single,
  title={Single Image Super-Resolution via a Holistic Attention Network},
  author={Niu, Ben and Wen, Weilei and Ren, Wenqi and Zhang, Xiangde and Yang, Lianping and Wang, Shuzhen and Zhang, Kaihao and Cao, Xiaochun and Shen, Haifeng},
  journal={arXiv preprint arXiv:2008.08767},
  year={2020}
}
@inproceedings{dai2019second,
  title={Second-order attention network for single image super-resolution},
  author={Dai, Tao and Cai, Jianrui and Zhang, Yongbing and Xia, Shu-Tao and Zhang, Lei},
  booktitle={Proceedings of the IEEE conference on computer vision and pattern recognition (CVPR)},
  pages={11065--11074},
  year={2019}
}

@inproceedings{jo2018deep,
  title={Deep video super-resolution network using dynamic upsampling filters without explicit motion compensation},
  author={Jo, Younghyun and Wug Oh, Seoung and Kang, Jaeyeon and Joo Kim, Seon},
  booktitle={Proceedings of the IEEE conference on computer vision and pattern recognition (CVPR)},
  pages={3224--3232},
  year={2018}
}
@article{xue2019video,
  title={Video enhancement with task-oriented flow},
  author={Xue, Tianfan and Chen, Baian and Wu, Jiajun and Wei, Donglai and Freeman, William T},
  journal={International Journal of Computer Vision},
  volume={127},
  number={8},
  pages={1106--1125},
  year={2019},
  publisher={Springer}
}

@inproceedings{sajjadi2018frame,
  title={Frame-recurrent video super-resolution},
  author={Sajjadi, Mehdi SM and Vemulapalli, Raviteja and Brown, Matthew},
  booktitle={Proceedings of the IEEE Conference on Computer Vision and Pattern Recognition (CVPR)},
  pages={6626--6634},
  year={2018}
}
@inproceedings{fuoli2019efficient,
  title={Efficient video super-resolution through recurrent latent space propagation},
  author={Fuoli, Dario and Gu, Shuhang and Timofte, Radu},
  booktitle={2019 IEEE/CVF International Conference on Computer Vision Workshop (ICCVW)},
  pages={3476--3485},
  year={2019},
  organization={IEEE}
}
@article{isobe2020video,
  title={Video Super-Resolution with Recurrent Structure-Detail Network},
  author={Isobe, Takashi and Jia, Xu and Gu, Shuhang and Li, Songjiang and Wang, Shengjin and Tian, Qi},
  journal={arXiv preprint arXiv:2008.00455},
  year={2020}
}

@inproceedings{tian2020tdan,
  title={TDAN: Temporally-Deformable Alignment Network for Video Super-Resolution},
  author={Tian, Yapeng and Zhang, Yulun and Fu, Yun and Xu, Chenliang},
  booktitle={Proceedings of the IEEE/CVF Conference on Computer Vision and Pattern Recognition (CVPR)},
  pages={3360--3369},
  year={2020}
}
@inproceedings{wang2019edvr,
  title={Edvr: Video restoration with enhanced deformable convolutional networks},
  author={Wang, Xintao and Chan, Kelvin CK and Yu, Ke and Dong, Chao and Change Loy, Chen},
  booktitle={Proceedings of the IEEE Conference on Computer Vision and Pattern Recognition Workshops (CVPRW)},
  pages={0--0},
  year={2019}
}

@InProceedings{Xiang_2020_CVPR,
author = {Xiang, Xiaoyu and Tian, Yapeng and Zhang, Yulun and Fu, Yun and Allebach, Jan P. and Xu, Chenliang},
title = {Zooming Slow-Mo: Fast and Accurate One-Stage Space-Time Video Super-Resolution},
booktitle = {IEEE/CVF Conference on Computer Vision and Pattern Recognition (CVPR)},
month = {June},
year = {2020}
}

@InProceedings{Isobe_2020_CVPR,
author = {Isobe, Takashi and Li, Songjiang and Jia, Xu and Yuan, Shanxin and Slabaugh, Gregory and Xu, Chunjing and Li, Ya-Li and Wang, Shengjin and Tian, Qi},
title = {Video Super-Resolution With Temporal Group Attention},
booktitle = {IEEE/CVF Conference on Computer Vision and Pattern Recognition (CVPR)},
month = {June},
year = {2020}
}

@InProceedings{Haris_2020_CVPR,
author = {Haris, Muhammad and Shakhnarovich, Greg and Ukita, Norimichi},
title = {Space-Time-Aware Multi-Resolution Video Enhancement},
booktitle = {IEEE/CVF Conference on Computer Vision and Pattern Recognition (CVPR)},
month = {June},
year = {2020}
}

@article{dong2016image,
  title={Image super-resolution using deep convolutional networks},
  author={Dong, Chao and Loy, Chen Change and He, Kaiming and Tang, Xiaoou},
  journal={IEEE Transactions on Pattern Analysis and Machine Intelligence},
  volume={38},
  number={2},
  pages={295--307},
  year={2016},
  doi={10.1109/TPAMI.2015.2439281},
  publisher={IEEE}
}

@INPROCEEDINGS{kim2016accurate,
author={J. Kim and J. K. Lee and K. M. Lee},
booktitle={2016 IEEE Conference on Computer Vision and Pattern Recognition (CVPR)},
title={Accurate Image Super-Resolution Using Very Deep Convolutional Networks},
year={2016},
volume={},
number={},
pages={1646--1654},
keywords={gradient methods;image classification;image resolution;neural nets;image super-resolution method;very deep convolutional networks;VGG-net;ImageNet classification;extremely high learning rates;gradient clipping;Training;Convergence;Image reconstruction;Convolution;Spatial resolution;Signal resolution},
doi={10.1109/CVPR.2016.182},
ISSN={1063-6919},
month={June},}


@inproceedings{dong2016accelerating,
  title={Accelerating the super-resolution convolutional neural network},
  author={Dong, Chao and Loy, Chen Change and Tang, Xiaoou},
  booktitle={European conference on computer vision (ECCV)},
  pages={391--407},
  year={2016},
  organization={Springer}
}

@inproceedings{lai2017deep,
  title={Deep laplacian pyramid networks for fast and accurate super-resolution},
  author={Lai, Wei-Sheng and Huang, Jia-Bin and Ahuja, Narendra and Yang, Ming-Hsuan},
  booktitle={IEEE Conference on Computer Vision and Pattern Recognition (CVPR)},
  pages={5835--5843},
  year={2017},
  doi={10.1109/CVPR.2017.618}
}

@inproceedings{tai2017image,
  title={Image super-resolution via deep recursive residual network},
  author={Tai, Ying and Yang, Jian and Liu, Xiaoming},
  booktitle={Proceedings of the IEEE Conference on Computer vision and Pattern Recognition},
  pages={3147--3155},
  year={2017}
}

@inproceedings{lim2017enhanced,
  title={Enhanced deep residual networks for single image super-resolution},
  author={Lim, Bee and Son, Sanghyun and Kim, Heewon and Nah, Seungjun and Mu Lee, Kyoung},
  booktitle={Proceedings of the IEEE Conference on Computer Vision and Pattern Recognition Workshops},
  pages={136--144},
  year={2017}
}


@inproceedings{timofte2017ntire,
  title={{NTIRE} 2017 challenge on single image super-resolution: Methods and results},
  author={Timofte, Radu and Agustsson, Eirikur and Van Gool, Luc and Yang, Ming-Hsuan and Zhang, Lei},
  booktitle={Proceedings of the IEEE Conference on Computer Vision and Pattern Recognition Workshops},
  pages={114--125},
  year={2017}
}

@ARTICLE{1163154,
author={Hsieh Hou and H. Andrews},
journal={IEEE Transactions on Acoustics, Speech, and Signal Processing},
title={Cubic splines for image interpolation and digital filtering},
year={1978},
volume={26},
number={6},
pages={508--517},
keywords={Interpolation;Digital filters;Application software;Spline;Signal processing;Image converters;Filtering theory;Hardware;Image sampling;Signal sampling},
doi={10.1109/TASSP.1978.1163154},
ISSN={0096-3518},
month={December},}

@ARTICLE{951537,
author={Xin Li and M. T. Orchard},
journal={IEEE Transactions on Image Processing},
title={New edge-directed interpolation},
year={2001},
volume={10},
number={10},
pages={1521--1527},
keywords={interpolation;image resolution;image colour analysis;image reconstruction;covariance analysis;image enhancement;edge-directed interpolation;natural images;local covariance coefficients;low-resolution image;geometric duality;low-resolution covariance;high-resolution covariance;covariance-based adaptation;bilinear interpolation;covariance-based adaptive interpolation;computational complexity;resolution enhancement;grayscale images;reconstruction;color images;CCD samples;Interpolation;Image edge detection;Image resolution;Filtering;Computational complexity;Gray-scale;Image reconstruction;Color;Charge coupled devices;Computational modeling},
doi={10.1109/83.951537},
ISSN={1057-7149},
month={Oct},}

@ARTICLE{1658087,
author={Lei Zhang and Xiaolin Wu},
journal={IEEE Transactions on Image Processing},
title={An edge-guided image interpolation algorithm via directional filtering and data fusion},
year={2006},
volume={15},
number={8},
pages={2226-2238},
keywords={edge detection;filtering theory;image reconstruction;image resolution;interpolation;least mean squares methods;sensor fusion;edge-guided image interpolation algorithm;directional filtering;data fusion;image reconstruction;nonlinear interpolation technique;linear minimum mean square-error estimation technique;Interpolation;Filtering algorithms;Image edge detection;Image reconstruction;Image resolution;Statistics;Digital images;Signal resolution;Laplace equations;Robustness;Data fusion;edge preservation;image interpolation;linear minimum mean square-error estimation (LMMSE);Algorithms;Artificial Intelligence;Computer Simulation;Image Enhancement;Image Interpretation, Computer-Assisted;Information Storage and Retrieval;Least-Squares Analysis;Linear Models;Numerical Analysis, Computer-Assisted;Pattern Recognition, Automated;Signal Processing, Computer-Assisted;Subtraction Technique},
doi={10.1109/TIP.2006.877407},
ISSN={1057-7149},
month={Aug},}

@ARTICLE{4530743,
author={M. Li and T. Q. Nguyen},
journal={IEEE Transactions on Image Processing},
title={Markov Random Field Model-Based Edge-Directed Image Interpolation},
year={2008},
volume={17},
number={7},
pages={1121-1128},
keywords={computational complexity;edge detection;image resolution;interpolation;iterative methods;Markov processes;random processes;simulated annealing;Markov random field model;edge-directed image interpolation algorithm;statistical-based approach;explicit edge directions;local edge directions;weighting vectors;geometric regularity constraint;2D random field;image resolution;simulated annealing methods;computational complexity;iterative optimization;Markov random fields;Interpolation;Solid modeling;Energy states;Computational modeling;Simulated annealing;State-space methods;Computational complexity;Design optimization;PSNR;Edge-directed;image interpolation;Markov random field (MRF);Algorithms;Artificial Intelligence;Computer Simulation;Image Enhancement;Image Interpretation, Computer-Assisted;Markov Chains;Models, Statistical;Pattern Recognition, Automated;Reproducibility of Results;Sensitivity and Specificity},
doi={10.1109/TIP.2008.924289},
ISSN={1057-7149},
month={July},}

@article{IRANI1991231,
title = "Improving resolution by image registration",
journal = "CVGIP: Graphical Models and Image Processing",
volume = "53",
number = "3",
pages = {231--239},
year = "1991",
issn = "1049-9652",
doi = {10.1016/1049-9652(91)90045-L},
author = "Michal Irani and Shmuel Peleg"
}

@ARTICLE{1033210,
author={S. Baker and T. Kanade},
journal={IEEE Transactions on Pattern Analysis and Machine Intelligence},
title={Limits on super-resolution and how to break them},
year={2002},
volume={24},
number={9},
pages={1167--1183},
doi={10.1109/TPAMI.2002.1033210},
ISSN={0162-8828},
month={Sep},}

@ARTICLE{lin2004fundamental,
author={Zhouchen Lin and Heung-Yeung Shum},
journal={IEEE Transactions on Pattern Analysis and Machine Intelligence},
title={Fundamental limits of reconstruction-based superresolution algorithms under local translation},
year={2004},
volume={26},
number={1},
pages={83-97},
keywords={image reconstruction;image resolution;perturbation techniques;coefficient matrix;conditioning analysis;high resolution images;image formation process;image reconstruction;image resolution;linear systems;local translation;perturbation theory;superresolution algorithms;superresolution fundamental limits;Algorithm design and analysis;Asia;Computational modeling;Equations;Floors;Image reconstruction;Image resolution;Image sensors;Kernel;Linear systems;Algorithms;Artificial Intelligence;Computer Graphics;Computer Simulation;Image Enhancement;Image Interpretation, Computer-Assisted;Imaging, Three-Dimensional;Information Storage and Retrieval;Linear Models;Numerical Analysis, Computer-Assisted;Pattern Recognition, Automated;Reproducibility of Results;Sensitivity and Specificity;Signal Processing, Computer-Assisted;Subtraction Technique},
doi={10.1109/TPAMI.2004.1261081},
ISSN={0162-8828},
month={Jan},}

@inproceedings{ledig2017photo,
  title={Photo-realistic single image super-resolution using a generative adversarial network},
  author={Ledig, Christian and Theis, Lucas and Husz{\'a}r, Ferenc and Caballero, Jose and Cunningham, Andrew and Acosta, Alejandro and Aitken, Andrew and Tejani, Alykhan and Totz, Johannes and Wang, Zehan and others},
  booktitle={Proceedings of the IEEE conference on computer vision and pattern recognition},
  pages={4681--4690},
  year={2017}
}

@inproceedings{shi2016real,
  title={Real-time single image and video super-resolution using an efficient sub-pixel convolutional neural network},
  author={Shi, Wenzhe and Caballero, Jose and Husz{\'a}r, Ferenc and Totz, Johannes and Aitken, Andrew P and Bishop, Rob and Rueckert, Daniel and Wang, Zehan},
  booktitle={Proceedings of the IEEE conference on computer vision and pattern recognition},
  pages={1874--1883},
  year={2016}
}

@inproceedings{haris2018deep,
  title={Deep back-projection networks for super-resolution},
  author={Haris, Muhammad and Shakhnarovich, Gregory and Ukita, Norimichi},
  booktitle={Proceedings of the IEEE conference on computer vision and pattern recognition},
  pages={1664--1673},
  year={2018}
}

@inproceedings{zhang2018residual,
  title={Residual dense network for image super-resolution},
  author={Zhang, Yulun and Tian, Yapeng and Kong, Yu and Zhong, Bineng and Fu, Yun},
  booktitle={Proceedings of the IEEE Conference on Computer Vision and Pattern Recognition},
  pages={2472--2481},
  year={2018},
}
@inproceedings{zhang2019rnan,
    title={Residual Non-local Attention Networks for Image Restoration},
    author={Zhang, Yulun and Li, Kunpeng and Li, Kai and Zhong, Bineng and Fu, Yun},
    booktitle={International Conference on Learning Representations (ICLR)},
    year={2019}
}

@inproceedings{tai2017memnet,
  title={{MemNet}: A persistent memory network for image restoration},
  author={Tai, Ying and Yang, Jian and Liu, Xiaoming and Xu, Chunyan},
  booktitle={Proceedings of the IEEE International Conference on Computer Vision (ICCV)},
  pages={4539--4547},
  year={2017}
}

@article{chen2017rethinking,
  title={Rethinking atrous convolution for semantic image segmentation},
  author={Chen, Liang-Chieh and Papandreou, George and Schroff, Florian and Adam, Hartwig},
  journal={arXiv preprint arXiv:1706.05587},
  year={2017}
}

@inproceedings{paszke2017automatic,
  title={Automatic differentiation in pytorch},
  author={Paszke, Adam and Gross, Sam and Chintala, Soumith and Chanan, Gregory and Yang, Edward and DeVito, Zachary and Lin, Zeming and Desmaison, Alban and Antiga, Luca and Lerer, Adam},
  booktitle={Proc. Adv. Neural Inf. Process. Syst. Workshop Autodiff, Dec.},
  pages={1-4},
  year={2017}
}

@inproceedings{timofte2016seven,
  title={Seven ways to improve example-based single image super resolution},
  author={Timofte, Radu and Rothe, Rasmus and Van Gool, Luc},
  booktitle={Proceedings of the IEEE Conference on Computer Vision and Pattern Recognition},
  pages={1865--1873},
  year={2016}
}

@ARTICLE{MSLapSRN,
author={W. Lai and J. Huang and N. Ahuja and M. Yang},
journal={IEEE Transactions on Pattern Analysis and Machine Intelligence},
title={Fast and Accurate Image Super-Resolution with Deep {L}aplacian Pyramid Networks},
year={2018},
volume={},
number={},
pages={1--14},
keywords={Image reconstruction;Feature extraction;Convolution;Spatial resolution;Laplace equations;Interpolation;Single-image super-resolution;deep convolutional neural networks;Laplacian pyramid},
doi={10.1109/TPAMI.2018.2865304},
ISSN={0162-8828},
month={Aug},}

@inproceedings{zhang2018learning,
  title={Learning a single convolutional super-resolution network for multiple degradations},
  author={Zhang, Kai and Zuo, Wangmeng and Zhang, Lei},
  booktitle={Proceedings of the IEEE Conference on Computer Vision and Pattern Recognition},
  pages={3262--3271},
  year={2018}
}

@inproceedings{he2016deep,
  title={Deep residual learning for image recognition},
  author={He, Kaiming and Zhang, Xiangyu and Ren, Shaoqing and Sun, Jian},
  booktitle={Proceedings of the IEEE conference on computer vision and pattern recognition},
  pages={770--778},
  year={2016}
}

@article{freeman2000learning,
  title={Learning low-level vision},
  author={Freeman, William T and Pasztor, Egon C and Carmichael, Owen T},
  journal={International journal of computer vision},
  volume={40},
  number={1},
  pages={25--47},
  year={2000},
  publisher={Springer},
  doi={10.1023/A:1026501619075}
}

@INPROCEEDINGS{chang2004super, 
author={Chang, Hong and Yeung, Dit-Yan and Xiong, Yimin}, 
booktitle={Proceedings of the 2004 IEEE Computer Society Conference on Computer Vision and Pattern Recognition, 2004. CVPR 2004.}, 
title={Super-resolution through neighbor embedding}, 
year={2004}, 
volume={1}, 
number={}, 
pages={I-I}, 
keywords={image resolution;feature extraction;image representation;learning (artificial intelligence);computational geometry;minimisation;gradient methods;interpolation;splines (mathematics);filtering theory;single image super-resolution;low resolution image;high resolution counterpart;training set;learning based methods;locally linear embedding method;image patches;local geometry;feature vector spaces;training image pairs;high resolution embedding estimation;minimisation;image representation;gradient methods;interpolation;splines;filtering theory;Image resolution;Spatial resolution;Interpolation;Application software;Smoothing methods;Learning systems;Geometry;Image generation;Layout;Web pages}, 
doi={10.1109/CVPR.2004.1315043}, 
ISSN={1063-6919}, 
month={June},}

@article{roweis2000nonlinear,
  title={Nonlinear dimensionality reduction by locally linear embedding},
  author={Roweis, Sam T and Saul, Lawrence K},
  journal={Science},
  volume={290},
  number={5500},
  pages={2323--2326},
  year={2000},
  publisher={American Association for the Advancement of Science}
}

@INPROCEEDINGS{timofte2013anchored,
author={R. Timofte and V. De and L. V. Gool},
booktitle={2013 IEEE International Conference on Computer Vision (ICCV)},
title={Anchored Neighborhood Regression for Fast Example-Based Super-Resolution},
year={2013},
volume={},
number={},
pages={1920--1927},
keywords={image coding;image reconstruction;image resolution;collaborative coding;fast example-based super-resolution;image super-resolution;image upscaling;neighborhood regression;sparse learned dictionaries;super-resolution mapping reduction;Dictionaries;Encoding;Image resolution;Interpolation;PSNR;Signal resolution;Training;anchored neighborhood regression;neighbor embedding;ridge regression;sparse coding;super-resolution},
doi={10.1109/ICCV.2013.241},
ISSN={1550-5499},
month={Dec},}

@inproceedings{timofte2014a+,
  title={A+: Adjusted anchored neighborhood regression for fast super-resolution},
  author={Timofte, Radu and De Smet, Vincent and Van Gool, Luc},
  booktitle={Asian Conference on Computer Vision (ACCV)},
  pages={111--126},
  year={2014},
  doi={10.1007/978-3-319-16817-3_8}
  }
  
 @article{huang2017learning,
  title={Learning Hierarchical Decision Trees for Single-Image Super-Resolution},
  author={Huang, Jun-Jie and Siu, Wan-Chi},
  journal={IEEE Transactions on Circuits and Systems for Video Technology},
  volume={27},
  number={5},
  pages={937--950},
  year={2017},
  doi={10.1109/TCSVT.2015.2513661},
  publisher={IEEE}
}

@article{huang2015fast,
  title={Fast image interpolation via random forests},
  author={Huang, Jun-Jie and Siu, Wan-Chi and Liu, Tian-Rui},
  journal={IEEE Transactions on Image Processing},
  volume={24},
  number={10},
  pages={3232--3245},
  year={2015},
  doi={10.1109/TIP.2015.2440751}
}

@inproceedings{schulter2015fast,
  title={Fast and accurate image upscaling with super-resolution forests},
  author={Schulter, Samuel and Leistner, Christian and Bischof, Horst},
  booktitle={IEEE Conference on Computer Vision and Pattern Recognition (CVPR)},
  pages={3791--3799},
  year={2015},
  doi={10.1109/CVPR.2015.7299003}
}



@article{xiong2018gradient,
  title={Gradient boosting for single image super-resolution},
  author={Xiong, Dongping and Gui, Qiuling and Hou, Wenguang and Ding, Mingyue},
  journal={Information Sciences},
  volume={454},
  pages={328--343},
  year={2018},
  doi = {10.1016/j.ins.2018.04.075},
  publisher={Elsevier}
}

@INPROCEEDINGS{huang2015practical,
author={J. Huang and W. Siu},
booktitle={2015 IEEE International Symposium on Circuits and Systems (ISCAS)},
title={Practical application of random forests for super-resolution imaging},
year={2015},
volume={},
number={},
pages={2161--2164},
keywords={divide and conquer methods;image classification;image resolution;learning (artificial intelligence);regression analysis;super-resolution-with-random forest method;super-resolution imaging;learning-based single image super-resolution method;SRRF method;divide-and-conquer strategy;training LR-HR patch pair classification;linear regression model;Image resolution;Signal resolution;Decision trees;Training data;Linear regression;Image edge detection;Training;Image processing;super-resolution;learning;random forest;fast approach},
doi={10.1109/ISCAS.2015.7169108},
ISSN={0271-4302},
month={May},}

@inproceedings{wang2018esrgan,
  title={{ESRGAN}: Enhanced super-resolution generative adversarial networks},
  author={Wang, Xintao and Yu, Ke and Wu, Shixiang and Gu, Jinjin and Liu, Yihao and Dong, Chao and Qiao, Yu and Loy, Chen Change},
  booktitle={European Conference on Computer Vision (ECCV)},
  pages={63--79},
  year={2018},
  organization={Springer}
}

@article{jolicoeur2018relativistic,
  title={The relativistic discriminator: a key element missing from standard {GAN}},
  author={Jolicoeur-Martineau, Alexia},
  journal={arXiv preprint arXiv:1807.00734},
  year={2018}
}

@inproceedings{szegedy2017inception,
  title={Inception-v4, {I}nception-{Re}snet and the impact of residual connections on learning},
  author={Szegedy, Christian and Ioffe, Sergey and Vanhoucke, Vincent and Alemi, Alexander A},
  booktitle={Thirty-First AAAI Conference on Artificial Intelligence},
  year={2017}
}

@inproceedings{johnson2016perceptual,
  title={Perceptual losses for real-time style transfer and super-resolution},
  author={Johnson, Justin and Alahi, Alexandre and Fei-Fei, Li},
  booktitle={European conference on computer vision},
  pages={694--711},
  year={2016},
  organization={Springer}
}

@inproceedings{simonyan2014very,
  title={Very deep convolutional networks for large-scale image recognition},
  author={Simonyan, Karen and Zisserman, Andrew},
  booktitle={ICLR},
  year={2015}
}

@article{mechrez2018maintaining,
  title={Maintaining natural image statistics with the contextual loss},
  author={Mechrez, Roey and Talmi, Itamar and Shama, F and Zelnik-Manor, L},
  journal={arXiv preprint arXiv:1803.04626},
  pages={1--16},
  year={2018}
}

@inproceedings{shocher2018zero,
  title={`{Z}ero-Shot' Super-Resolution using Deep Internal Learning},
  author={Shocher, Assaf and Cohen, Nadav and Irani, Michal},
  booktitle={Proceedings of the IEEE Conference on Computer Vision and Pattern Recognition},
  pages={3118--3126},
  year={2018}
}

@inproceedings{huang2017densely,
  title={Densely connected convolutional networks},
  author={Huang, Gao and Liu, Zhuang and Van Der Maaten, Laurens and Weinberger, Kilian Q},
  booktitle={Proceedings of the IEEE conference on computer vision and pattern recognition},
  pages={4700--4708},
  year={2017}
}

@inproceedings{wang2015deep,
  title={Deep networks for image super-resolution with sparse prior},
  author={Wang, Zhaowen and Liu, Ding and Yang, Jianchao and Han, Wei and Huang, Thomas},
  booktitle={Proceedings of the IEEE international conference on computer vision},
  pages={370--378},
  year={2015}
}

@inproceedings{zhang2017learning,
   title={Learning Deep {CNN} Denoiser Prior for Image Restoration},
   author={Zhang, Kai and Zuo, Wangmeng and Gu, Shuhang and Zhang, Lei},
   booktitle={IEEE Conference on Computer Vision and Pattern Recognition},
   pages={3929--3938},
   year={2017},
 }
 
 @ARTICLE{peleg2014statistical, 
author={T. {Peleg} and M. {Elad}}, 
journal={IEEE Transactions on Image Processing}, 
title={A Statistical Prediction Model Based on Sparse Representations for Single Image Super-Resolution}, 
year={2014}, 
volume={23}, 
number={6}, 
pages={2569-2582}, 
keywords={image representation;image resolution;least mean squares methods;statistical analysis;statistical prediction model;sparse representations;single image super-resolution;high-resolution image patch;low-resolution image patch;sparsity-based approach;MMSE estimation;feedforward neural network;data clustering;computational complexity;numerical criteria;visual appearance;Dictionaries;Predictive models;Image reconstruction;Vectors;Image resolution;Feedforward neural networks;Prediction algorithms;Dictionary learning;feedforward neural networks;MMSE estimation;nonlinear prediction;single image super-resolution;sparse representations;statistical models;restricted Boltzmann machine;zooming deblurring}, 
doi={10.1109/TIP.2014.2305844}, 
ISSN={1057-7149}, 
month={June},}

@inproceedings{bevilacqua2012low,
    title={Low-Complexity Single-Image Super-Resolution based on Nonnegative Neighbor Embedding},
    author={Bevilacqua, Marco and Roumy, Aline and Guillemot, Christine and Alberi Morel, Marie-Line},
	year={2012},
	pages={135.1--135.10},
	booktitle={Proceedings of the British Machine Vision Conference},
	publisher={BMVA Press},
	editors={Bowden, Richard and Collomosse, John and Mikolajczyk, Krystian},
	isbn={1-901725-46-4},
	doi={http://dx.doi.org/10.5244/C.26.135}
}

@inproceedings{zeyde2010single,
 author = {Zeyde, Roman and Elad, Michael and Protter, Matan},
 title = {On Single Image Scale-up Using Sparse-representations},
 booktitle = {Proceedings of the 7th International Conference on Curves and Surfaces},
 year = {2012},
 isbn = {978-3-642-27412-1},
 location = {Avignon, France},
 pages = {711--730},
 doi = {10.1007/978-3-642-27413-8_47},
 publisher = {Springer-Verlag},
 address = {Berlin, Heidelberg}
}

@inproceedings{martin2001database,
  title={A database of human segmented natural images and its application to evaluating segmentation algorithms and measuring ecological statistics},
  author={Martin, David and Fowlkes, Charless and Tal, Doron and Malik, Jitendra and others},
  booktitle={ICCV},
  year={2001}
}


@inproceedings{huang2015single,
  title={Single image super-resolution from transformed self-exemplars},
  author={Huang, Jia-Bin and Singh, Abhishek and Ahuja, Narendra},
  booktitle={Proceedings of the IEEE Conference on Computer Vision and Pattern Recognition},
  pages={5197--5206},
  year={2015},
  doi={10.1109/CVPR.2015.7299156}
}

@article{matsui2017sketch,
  title={Sketch-based manga retrieval using manga109 dataset},
  author={Matsui, Yusuke and Ito, Kota and Aramaki, Yuji and Fujimoto, Azuma and Ogawa, Toru and Yamasaki, Toshihiko and Aizawa, Kiyoharu},
  journal={Multimedia Tools and Applications},
  volume={76},
  number={20},
  pages={21811--21838},
  year={2017},
  publisher={Springer}
}

@ARTICLE{tang2019SDNND, 
author={Z. {Tang} and S. {Li} and L. {Luo} and M. {Fu} and H. {Peng} and Q. {Zhou}}, 
journal={IEEE Access}, 
title={Image Super-Resolution via Simplified Dense Network with Non-degenerate Layers}, 
year={2019}, 
volume={}, 
number={}, 
pages={1-1}, 
keywords={Image reconstruction;Feature extraction;Training;Computer architecture;Image resolution;Convolution;Image coding;Convolutional neural network;Deep learning;Image restoration;Image super-resolution}, 
doi={10.1109/ACCESS.2019.2898846}, 
ISSN={2169-3536}, 
month={},}

@inproceedings{kingma2014adam,
  title={Adam: A method for stochastic optimization},
  author={Kingma, Diederik P and Ba, Jimmy},
  booktitle={International conference on computer vision (ICLR)},
  year={2015}
}

@inproceedings{kim2016deeply,
  title={Deeply-recursive convolutional network for image super-resolution},
  author={Kim, Jiwon and Kwon Lee, Jung and Mu Lee, Kyoung},
  booktitle={Proceedings of the IEEE conference on computer vision and pattern recognition},
  pages={1637--1645},
  year={2016}
}

@inproceedings{hu2019meta,
  title={Meta-SR: A Magnification-Arbitrary Network for Super-Resolution},
  author={Hu, Xuecai and Mu, Haoyuan and Zhang, Xiangyu and Wang, Zilei and Tan, Tieniu and Sun, Jian},
  booktitle={Proceedings of the IEEE Conference on Computer Vision and Pattern Recognition},
  pages={1575--1584},
  year={2019}
}

@inproceedings{zhang2018image,
  title={Image super-resolution using very deep residual channel attention networks},
  author={Zhang, Yulun and Li, Kunpeng and Li, Kai and Wang, Lichen and Zhong, Bineng and Fu, Yun},
  booktitle={Proceedings of the European Conference on Computer Vision (ECCV)},
  pages={286--301},
  year={2018}
}

@inproceedings{kim2018deep,
  title={Deep residual network with enhanced upscaling module for super-resolution},
  author={Kim, Jun-Hyuk and Lee, Jong-Seok},
  booktitle={Proceedings of the IEEE Conference on Computer Vision and Pattern Recognition Workshops},
  pages={800--808},
  year={2018}
}
@article{liu2019multi,
  title={Multi-Scale Residual Hierarchical Dense Networks for Single Image Super-Resolution},
  author={Liu, Chuangchuang and Sun, Xianfang and Chen, Changyou and Rosin, Paul L and Yan, Yitong and Jin, Longcun and Peng, Xinyi},
  journal={IEEE Access},
  volume={7},
  pages={60572--60583},
  year={2019},
  publisher={IEEE}
}
@inproceedings{sajjadi2017enhancenet,
  title={{EnhanceNet}: Single image super-resolution through automated texture synthesis},
  author={Sajjadi, Mehdi SM and Scholkopf, Bernhard and Hirsch, Michael},
  booktitle={Proceedings of the IEEE International Conference on Computer Vision},
  pages={4491--4500},
  year={2017}
}
@inproceedings{cheon2018generative,
  title={Generative adversarial network-based image super-resolution using perceptual content losses},
  author={Cheon, Manri and Kim, Jun-Hyuk and Choi, Jun-Ho and Lee, Jong-Seok},
  booktitle={European Conference on Computer Vision},
  pages={51--62},
  year={2018},
  organization={Springer}
}

@inproceedings{blau20182018,
  title={The 2018 {PIRM} Challenge on Perceptual Image Super-Resolution},
  author={Blau, Yochai and Mechrez, Roey and Timofte, Radu and Michaeli, Tomer and Zelnik-Manor, Lihi},
  booktitle={European Conference on Computer Vision},
  pages={334--355},
  year={2018},
  organization={Springer}
}
  
@inproceedings{dahl2017pixel,
  title={Pixel recursive super resolution},
  author={Dahl, Ryan and Norouzi, Mohammad and Shlens, Jonathon},
  booktitle={Proceedings of the IEEE International Conference on Computer Vision},
  pages={5439--5448},
  year={2017}
}
@inproceedings{van2016conditional,
  title={Conditional image generation with pixelcnn decoders},
  author={Van den Oord, Aaron and Kalchbrenner, Nal and Espeholt, Lasse and Vinyals, Oriol and Graves, Alex and others},
  booktitle={Advances in neural information processing systems},
  pages={4790--4798},
  year={2016}
}

@inproceedings{ronneberger2015u,
  title={U-net: Convolutional networks for biomedical image segmentation},
  author={Ronneberger, Olaf and Fischer, Philipp and Brox, Thomas},
  booktitle={International Conference on Medical image computing and computer-assisted intervention},
  pages={234--241},
  year={2015},
  organization={Springer}
}
@article{salimans2017pixelcnn++,
  title={Pixelcnn++: Improving the pixelcnn with discretized logistic mixture likelihood and other modifications},
  author={Salimans, Tim and Karpathy, Andrej and Chen, Xi and Kingma, Diederik P},
  journal={arXiv preprint arXiv:1701.05517},
  year={2017}
}
@article{wang2004image,
  title={Image quality assessment: from error visibility to structural similarity},
  author={Wang, Zhou and Bovik, Alan C and Sheikh, Hamid R and Simoncelli, Eero P and others},
  journal={IEEE transactions on image processing},
  volume={13},
  number={4},
  pages={600--612},
  year={2004}
}
@inproceedings{gatys2016image,
  title={Image style transfer using convolutional neural networks},
  author={Gatys, Leon A and Ecker, Alexander S and Bethge, Matthias},
  booktitle={Proceedings of the IEEE conference on computer vision and pattern recognition},
  pages={2414--2423},
  year={2016}
}
@inproceedings{goodfellow2014generative,
  title={Generative adversarial nets},
  author={Goodfellow, Ian and Pouget-Abadie, Jean and Mirza, Mehdi and Xu, Bing and Warde-Farley, David and Ozair, Sherjil and Courville, Aaron and Bengio, Yoshua},
  booktitle={Advances in neural information processing systems},
  pages={2672--2680},
  year={2014}
}
@inproceedings{blau2018perception,
  title={The perception-distortion tradeoff},
  author={Blau, Yochai and Michaeli, Tomer},
  booktitle={Proceedings of the IEEE Conference on Computer Vision and Pattern Recognition},
  pages={6228--6237},
  year={2018}
}
@inproceedings{zeiler2010deconvolutional,
  title={Deconvolutional networks.},
  author={Zeiler, Matthew D and Krishnan, Dilip and Taylor, Graham W and Fergus, Robert},
  booktitle={ Proceedings of the IEEE conference  on  computer vision and pattern recognition},
  volume={10},
  pages={7},
  year={2010}
}
@inproceedings{zeiler2011adaptive,
  title={Adaptive deconvolutional networks for mid and high level feature learning.},
  author={Zeiler, Matthew D and Taylor, Graham W and Fergus, Rob and others},
  booktitle={ICCV},
  volume={1},
  number={2},
  pages={6},
  year={2011}
}

@inproceedings{cheng2018dual,
  title={Dual Skipping Networks},
  author={Cheng, Changmao and Fu, Yanwei and Jiang, Yu-Gang and Liu, Wei and Lu, Wenlian and Feng, Jianfeng and Xue, Xiangyang},
  booktitle={Proceedings of the IEEE Conference on Computer Vision and Pattern Recognition},
  pages={4071--4079},
  year={2018}
}

@article{qin2019difficulty,
  title={Difficulty-aware Image Super Resolution via Deep Adaptive Dual-Network},
  author={Qin, Jinghui and Xie, Ziwei and Shi, Yukai and Wen, Wushao},
  journal={arXiv preprint arXiv:1904.05802},
  year={2019}
}

@inproceedings{pumarola2018ganimation,
  title={Ganimation: Anatomically-aware facial animation from a single image},
  author={Pumarola, Albert and Agudo, Antonio and Martinez, Aleix M and Sanfeliu, Alberto and Moreno-Noguer, Francesc},
  booktitle={Proceedings of the European Conference on Computer Vision (ECCV)},
  pages={818--833},
  year={2018}
}

@article{zhang2019ranksrgan,
  title={{RankSRGAN}: Generative Adversarial Networks with Ranker for Image Super-Resolution},
  author={Zhang, Wenlong and Liu, Yihao and Dong, Chao and Qiao, Yu},
  journal={arXiv preprint arXiv:1908.06382},
  year={2019}
}

@article{wang2019deep,
  title={Deep learning for image super-resolution: A survey},
  author={Wang, Zhihao and Chen, Jian and Hoi, Steven CH},
  journal={arXiv preprint arXiv:1902.06068},
  year={2019}
}

@article{anwar2019deep,
  title={A Deep Journey into Super-resolution: A survey},
  author={Anwar, Saeed and Khan, Salman and Barnes, Nick},
  journal={arXiv preprint arXiv:1904.07523},
  year={2019}
}

@InProceedings{Wang_2019_CVPR,
author = {Wang, Xintao and Yu, Ke and Dong, Chao and Tang, Xiaoou and Loy, Chen Change},
title = {Deep Network Interpolation for Continuous Imagery Effect Transition},
booktitle = {The IEEE Conference on Computer Vision and Pattern Recognition (CVPR)},
month = {June},
year = {2019}
}

@inproceedings{pan2018learning,
  title={Learning dual convolutional neural networks for low-level vision},
  author={Pan, Jinshan and Liu, Sifei and Sun, Deqing and Zhang, Jiawei and Liu, Yang and Ren, Jimmy and Li, Zechao and Tang, Jinhui and Lu, Huchuan and Tai, Yu-Wing and others},
  booktitle={Proceedings of the IEEE conference on computer vision and pattern recognition},
  pages={3070--3079},
  year={2018}
}

@article{seibel2017eyes,
  title={Eyes on the target: Super-resolution and license-plate recognition in low-quality surveillance videos},
  author={Seibel, Hil{\'a}rio and Goldenstein, Siome and Rocha, Anderson},
  journal={IEEE access},
  volume={5},
  pages={20020--20035},
  year={2017},
  publisher={IEEE}
}

@article{bing2019medical,
  title={Medical Image Super Resolution Using Improved Generative Adversarial Networks},
  author={Bing, Xinyang and Zhang, Wenwu and Zheng, Liying and Zhang, Yanbo},
  journal={IEEE Access},
  volume={7},
  pages={145030--145038},
  year={2019},
  publisher={IEEE}
}

@article{zhang2018fast,
  title={A fast medical image super resolution method based on deep learning network},
  author={Zhang, Shengxiang and Liang, Gaobo and Pan, Shuwan and Zheng, Lixin},
  journal={IEEE Access},
  volume={7},
  pages={12319--12327},
  year={2018},
  publisher={IEEE}
}

@article{yang2018long,
  title={Long-distance object recognition with image super resolution: A comparative study},
  author={Yang, Xiaomin and Wu, Wei and Liu, Kai and Kim, Pyoung Won and Sangaiah, Arun Kumar and Jeon, Gwanggil},
  journal={IEEE Access},
  volume={6},
  pages={13429--13438},
  year={2018},
  publisher={IEEE}
}
@article{zhao2018residual,
  title={Residual super-resolution single shot network for low-resolution object detection},
  author={Zhao, Xiaotong and Li, Wei and Zhang, Yifan and Feng, Zhiyong},
  journal={IEEE Access},
  volume={6},
  pages={47780--47793},
  year={2018},
  publisher={IEEE}
}

@inproceedings{kuang2018image,
  title={Image Super-Resolution Based on Dual Path Network},
  author={Kuang, Hailan and Wang, Hongchuan and Ma, Xiaolin and Liu, Xinhua},
  booktitle={2018 10th International Conference on Measuring Technology and Mechatronics Automation (ICMTMA)},
  pages={225--228},
  year={2018},
  organization={IEEE}
}
@inproceedings{han2018image,
  title={Image super-resolution via dual-state recurrent networks},
  author={Han, Wei and Chang, Shiyu and Liu, Ding and Yu, Mo and Witbrock, Michael and Huang, Thomas S},
  booktitle={Proceedings of the IEEE conference on computer vision and pattern recognition},
  pages={1654--1663},
  year={2018}
}
@article{jiang2019edge,
  title={Edge-enhanced GAN for remote sensing image superresolution},
  author={Jiang, Kui and Wang, Zhongyuan and Yi, Peng and Wang, Guangcheng and Lu, Tao and Jiang, Junjun},
  journal={IEEE Transactions on Geoscience and Remote Sensing},
  volume={57},
  number={8},
  pages={5799--5812},
  year={2019},
  publisher={IEEE}
}
@article{liu2014no,
  title={No-reference image quality assessment based on spatial and spectral entropies},
  author={Liu, Lixiong and Liu, Bao and Huang, Hua and Bovik, Alan Conrad},
  journal={Signal Processing: Image Communication},
  volume={29},
  number={8},
  pages={856--863},
  year={2014},
  publisher={Elsevier}
}
@article{wang2019blind,
  title={Blind Quality Metric of DIBR-Synthesized Images in the Discrete Wavelet Transform Domain},
  author={Wang, Guangcheng and Wang, Zhongyuan and Gu, Ke and Li, Leida and Xia, Zhifang and Wu, Lifang},
  journal={IEEE Transactions on Image Processing},
  volume={29},
  pages={1802--1814},
  year={2019},
  publisher={IEEE}
}
@article{jiang2018deep,
  title={Deep distillation recursive network for remote sensing imagery super-resolution},
  author={Jiang, Kui and Wang, Zhongyuan and Yi, Peng and Jiang, Junjun and Xiao, Jing and Yao, Yuan},
  journal={Remote Sensing},
  volume={10},
  number={11},
  pages={1700},
  year={2018},
  publisher={Multidisciplinary Digital Publishing Institute}
}
@article{jiang2019atmfn,
  title={ATMFN: Adaptive-threshold-based Multi-model Fusion Network for Compressed Face Hallucination},
  author={Jiang, Kui and Wang, Zhongyuan and Yi, Peng and Wang, Guangcheng and Gu, Ke and Jiang, Junjun},
  journal={IEEE Transactions on Multimedia},
  year={2019},
  publisher={IEEE}
}
@article{wang2018multi,
  title={Multi-memory convolutional neural network for video super-resolution},
  author={Wang, Zhongyuan and Yi, Peng and Jiang, Kui and Jiang, Junjun and Han, Zhen and Lu, Tao and Ma, Jiayi},
  journal={IEEE Transactions on Image Processing},
  volume={28},
  number={5},
  pages={2530--2544},
  year={2018},
  publisher={IEEE}
}
@article{yi2019multi,
  title={Multi-temporal ultra dense memory network for video super-resolution},
  author={Yi, Peng and Wang, Zhongyuan and Jiang, Kui and Shao, Zhenfeng and Ma, Jiayi},
  journal={IEEE Transactions on Circuits and Systems for Video Technology},
  year={2019},
  publisher={IEEE}
}
@inproceedings{chen2017dual,
  title={Dual path networks},
  author={Chen, Yunpeng and Li, Jianan and Xiao, Huaxin and Jin, Xiaojie and Yan, Shuicheng and Feng, Jiashi},
  booktitle={Advances in neural information processing systems},
  pages={4467--4475},
  year={2017}
}
@inproceedings{cai2019toward,
  title={Toward real-world single image super-resolution: A new benchmark and a new model},
  author={Cai, Jianrui and Zeng, Hui and Yong, Hongwei and Cao, Zisheng and Zhang, Lei},
  booktitle={Proceedings of the IEEE International Conference on Computer Vision},
  year={2019}
}
@inproceedings{zhang2018perceptual,
  title={The Unreasonable Effectiveness of Deep Features as a Perceptual Metric},
  author={Zhang, Richard and Isola, Phillip and Efros, Alexei A and Shechtman, Eli and Wang, Oliver},
  booktitle={CVPR},
  year={2018}
}
@article{chan2020understanding,
  title={Understanding Deformable Alignment in Video Super-Resolution},
  author={Chan, Kelvin CK and Wang, Xintao and Yu, Ke and Dong, Chao and Loy, Chen Change},
  journal={arXiv preprint arXiv:2009.07265},
  year={2020}
}
@article{zhang2006interpolation,
  title={An edge-guided image interpolation algorithm via directional filtering and data fusion},
  author={Zhang, Lei and Wu, Xiaolin},
  journal={IEEE transactions on Image Processing},
  volume={15},
  number={8},
  pages={2226--2238},
  year={2006},
  publisher={IEEE}
}
@article{dong2011image,
  title={Image deblurring and super-resolution by adaptive sparse domain selection and adaptive regularization},
  author={Dong, Weisheng and Zhang, Lei and Shi, Guangming and Wu, Xiaolin},
  journal={IEEE Transactions on image processing},
  volume={20},
  number={7},
  pages={1838--1857},
  year={2011},
  publisher={IEEE}
}
@inproceedings{gu2015cscsr,
  title={Convolutional sparse coding for image super-resolution},
  author={Gu, Shuhang and Zuo, Wangmeng and Xie, Qi and Meng, Deyu and Feng, Xiangchu and Zhang, Lei},
  booktitle={Proceedings of the IEEE International Conference on Computer Vision},
  pages={1823--1831},
  year={2015}
}
@inproceedings{srcnn,
  title={Learning a deep convolutional network for image super-resolution},
  author={Dong, Chao and Loy, Chen Change and He, Kaiming and Tang, Xiaoou},
  booktitle={European conference on computer vision},
  pages={184--199},
  year={2014},
  organization={Springer}
}
@inproceedings{vdsr,
  title={Accurate image super-resolution using very deep convolutional networks},
  author={Kim, Jiwon and Kwon Lee, Jung and Mu Lee, Kyoung},
  booktitle={Proceedings of the IEEE conference on computer vision and pattern recognition (CVPR) },
  pages={1646--1654},
  year={2016}
}

@inproceedings{habibian2021skip,
  title={Skip-convolutions for efficient video processing},
  author={Habibian, Amirhossein and Abati, Davide and Cohen, Taco S and Bejnordi, Babak Ehteshami},
  booktitle={Proceedings of the IEEE/CVF Conference on Computer Vision and Pattern Recognition},
  pages={2695--2704},
  year={2021}
}

@inproceedings{zhang2022codec,
  title={A Codec Information Assisted Framework for Efficient Compressed Video Super-Resolution},
  author={Zhang, Hengsheng and Zou, Xueyi and Guo, Jiaming and Yan, Youliang and Xie, Rong and Song, Li},
  booktitle={Computer Vision--ECCV 2022: 17th European Conference, Tel Aviv, Israel, October 23--27, 2022, Proceedings, Part XVII},
  pages={220--235},
  year={2022},
  organization={Springer}
}

@inproceedings{habibian2022delta,
  title={Delta Distillation for Efficient Video Processing},
  author={Habibian, Amirhossein and Ben Yahia, Haitam and Abati, Davide and Gavves, Efstratios and Porikli, Fatih},
  booktitle={Computer Vision--ECCV 2022: 17th European Conference, Tel Aviv, Israel, October 23--27, 2022, Proceedings, Part XXXV},
  pages={213--229},
  year={2022},
  organization={Springer}
}

@article{xia2022residual,
  title={Residual Sparsity Connection Learning for Efficient Video Super-Resolution},
  author={Xia, Bin and He, Jingwen and Zhang, Yulun and Hang, Yucheng and Yang, Wenming and Van Gool, Luc},
  journal={arXiv preprint arXiv:2206.07687},
  year={2022}
}

@inproceedings{shelhamer2016clockwork,
  title={Clockwork convnets for video semantic segmentation},
  author={Shelhamer, Evan and Rakelly, Kate and Hoffman, Judy and Darrell, Trevor},
  booktitle={Computer Vision--ECCV 2016 Workshops: Amsterdam, The Netherlands, October 8-10 and 15-16, 2016, Proceedings, Part III 14},
  pages={852--868},
  year={2016},
  organization={Springer}
}
@inproceedings{zhu2017deep,
  title={Deep feature flow for video recognition},
  author={Zhu, Xizhou and Xiong, Yuwen and Dai, Jifeng and Yuan, Lu and Wei, Yichen},
  booktitle={Proceedings of the IEEE conference on computer vision and pattern recognition},
  pages={2349--2358},
  year={2017}
}
@inproceedings{li2018low,
  title={Low-latency video semantic segmentation},
  author={Li, Yule and Shi, Jianping and Lin, Dahua},
  booktitle={Proceedings of the IEEE Conference on Computer Vision and Pattern Recognition},
  pages={5997--6005},
  year={2018}
}

@inproceedings{zhu2018towards,
  title={Towards high performance video object detection},
  author={Zhu, Xizhou and Dai, Jifeng and Yuan, Lu and Wei, Yichen},
  booktitle={Proceedings of the IEEE conference on computer vision and pattern recognition},
  pages={7210--7218},
  year={2018}
}
@inproceedings{jain2019accel,
  title={Accel: A corrective fusion network for efficient semantic segmentation on video},
  author={Jain, Samvit and Wang, Xin and Gonzalez, Joseph E},
  booktitle={Proceedings of the IEEE/CVF Conference on Computer Vision and Pattern Recognition},
  pages={8866--8875},
  year={2019}
}

@inproceedings{nie2019dynamic,
  title={Dynamic kernel distillation for efficient pose estimation in videos},
  author={Nie, Xuecheng and Li, Yuncheng and Luo, Linjie and Zhang, Ning and Feng, Jiashi},
  booktitle={Proceedings of the IEEE/CVF International Conference on Computer Vision},
  pages={6942--6950},
  year={2019}
}

@inproceedings{hu2020temporally,
  title={Temporally distributed networks for fast video semantic segmentation},
  author={Hu, Ping and Caba, Fabian and Wang, Oliver and Lin, Zhe and Sclaroff, Stan and Perazzi, Federico},
  booktitle={Proceedings of the IEEE/CVF Conference on Computer Vision and Pattern Recognition},
  pages={8818--8827},
  year={2020}
}

@article{liu2019looking,
  title={Looking fast and slow: Memory-guided mobile video object detection},
  author={Liu, Mason and Zhu, Menglong and White, Marie and Li, Yinxiao and Kalenichenko, Dmitry},
  journal={arXiv preprint arXiv:1903.10172},
  year={2019}
}

@inproceedings{chan2021basicvsr,
  title={Basicvsr: The search for essential components in video super-resolution and beyond},
  author={Chan, Kelvin CK and Wang, Xintao and Yu, Ke and Dong, Chao and Loy, Chen Change},
  booktitle={Proceedings of the IEEE/CVF Conference on Computer Vision and Pattern Recognition},
  pages={4947--4956},
  year={2021}
}
@inproceedings{chan2022basicvsr++,
  title={BasicVSR++: Improving video super-resolution with enhanced propagation and alignment},
  author={Chan, Kelvin CK and Zhou, Shangchen and Xu, Xiangyu and Loy, Chen Change},
  booktitle={Proceedings of the IEEE/CVF conference on computer vision and pattern recognition},
  pages={5972--5981},
  year={2022}
}

@article{cao2021video,
  title={Video super-resolution transformer},
  author={Cao, Jiezhang and Li, Yawei and Zhang, Kai and Liang, Jingyun and Van Gool, Luc},
  journal={arXiv preprint arXiv:2106.06847},
  year={2021}
}

@article{liang2022vrt,
  title={Vrt: A video restoration transformer},
  author={Liang, Jingyun and Cao, Jiezhang and Fan, Yuchen and Zhang, Kai and Ranjan, Rakesh and Li, Yawei and Timofte, Radu and Van Gool, Luc},
  journal={arXiv preprint arXiv:2201.12288},
  year={2022}
}

@article{liang2022recurrent,
  title={Recurrent video restoration transformer with guided deformable attention},
  author={Liang, Jingyun and Fan, Yuchen and Xiang, Xiaoyu and Ranjan, Rakesh and Ilg, Eddy and Green, Simon and Cao, Jiezhang and Zhang, Kai and Timofte, Radu and Gool, Luc V},
  journal={Advances in Neural Information Processing Systems},
  volume={35},
  pages={378--393},
  year={2022}
}
@article{shi2022rethinking,
  title={Rethinking alignment in video super-resolution transformers},
  author={Shi, Shuwei and Gu, Jinjin and Xie, Liangbin and Wang, Xintao and Yang, Yujiu and Dong, Chao},
  journal={arXiv preprint arXiv:2207.08494},
  year={2022}
}

@inproceedings{liu2021swin,
  title={Swin transformer: Hierarchical vision transformer using shifted windows},
  author={Liu, Ze and Lin, Yutong and Cao, Yue and Hu, Han and Wei, Yixuan and Zhang, Zheng and Lin, Stephen and Guo, Baining},
  booktitle={Proceedings of the IEEE/CVF international conference on computer vision},
  pages={10012--10022},
  year={2021}
}

@inproceedings{charbonnier1994two,
  title={Two deterministic half-quadratic regularization algorithms for computed imaging},
  author={Charbonnier, Pierre and Blanc-Feraud, Laure and Aubert, Gilles and Barlaud, Michel},
  booktitle={Proceedings of 1st international conference on image processing},
  volume={2},
  pages={168--172},
  year={1994},
  organization={IEEE}
}
@inproceedings{nah2019ntire,
  title={Ntire 2019 challenge on video deblurring and super-resolution: Dataset and study},
  author={Nah, Seungjun and Baik, Sungyong and Hong, Seokil and Moon, Gyeongsik and Son, Sanghyun and Timofte, Radu and Mu Lee, Kyoung},
  booktitle={Proceedings of the IEEE/CVF Conference on Computer Vision and Pattern Recognition Workshops},
  pages={0--0},
  year={2019}
}

@article{xu2023implicit,
  title={An Implicit Alignment for Video Super-Resolution},
  author={Xu, Kai and Yu, Ziwei and Wang, Xin and Mi, Michael Bi and Yao, Angela},
  journal={arXiv preprint arXiv:2305.00163},
  year={2023}
}

@inproceedings{isobe2022look,
  title={Look back and forth: Video super-resolution with explicit temporal difference modeling},
  author={Isobe, Takashi and Jia, Xu and Tao, Xin and Li, Changlin and Li, Ruihuang and Shi, Yongjie and Mu, Jing and Lu, Huchuan and Tai, Yu-Wing},
  booktitle={Proceedings of the IEEE/CVF Conference on Computer Vision and Pattern Recognition},
  pages={17411--17420},
  year={2022}
}

@inproceedings{xiao2021space,
  title={Space-time distillation for video super-resolution},
  author={Xiao, Zeyu and Fu, Xueyang and Huang, Jie and Cheng, Zhen and Xiong, Zhiwei},
  booktitle={Proceedings of the IEEE/CVF conference on computer vision and pattern recognition},
  pages={2113--2122},
  year={2021}
}
@inproceedings{liu2022learning,
  title={Learning trajectory-aware transformer for video super-resolution},
  author={Liu, Chengxu and Yang, Huan and Fu, Jianlong and Qian, Xueming},
  booktitle={Proceedings of the IEEE/CVF Conference on Computer Vision and Pattern Recognition},
  pages={5687--5696},
  year={2022}
}

@inproceedings{qiu2022learning,
  title={Learning spatiotemporal frequency-transformer for compressed video super-resolution},
  author={Qiu, Zhongwei and Yang, Huan and Fu, Jianlong and Fu, Dongmei},
  booktitle={European Conference on Computer Vision},
  pages={257--273},
  year={2022},
  organization={Springer}
}
@article{jang2016categorical,
  title={Categorical reparameterization with gumbel-softmax},
  author={Jang, Eric and Gu, Shixiang and Poole, Ben},
  journal={arXiv preprint arXiv:1611.01144},
  year={2016}
}
@article{10239462,
  author={Qiu, Zhongwei and Yang, Huan and Fu, Jianlong and Liu, Daochang and Xu, Chang and Fu, Dongmei},
  journal={IEEE Transactions on Pattern Analysis and Machine Intelligence}, 
  title={Learning Degradation-Robust Spatiotemporal Frequency-Transformer for Video Super-Resolution}, 
  year={2023},
  volume={45},
  number={12},
  pages={14888-14904},
  doi={10.1109/TPAMI.2023.3312166}}

@inproceedings{lin2023accelerating,
  title={Accelerating the training of video super-resolution models},
  author={Lin, Lijian and Wang, Xintao and Qi, Zhongang and Shan, Ying},
  booktitle={Proceedings of the AAAI Conference on Artificial Intelligence},
  volume={37},
  number={2},
  pages={1595--1603},
  year={2023}
}