@article{bib1,
  title={Comparisons through the mind's eye},
  author={A. Paivio and B. Jansen and L. J. Beckere},
  journal={Cognition},
  volume={37},
  number={2},
  pages={635--647},
  year={1975},
  doi={10.1029/2001JB000884}
}

@article{bib2,
  title={Lamotrigine: a review of antiepileptic efficacy},
  author={A. W. C. Yuen},
  journal={Epilepsia},
  volume={35},
  number={Suppl. 5},
  pages={S33--S36},
  year={1994},
}

@book{bib3,
 title={Testing: Concepts and Research},
  editor={R. Glaser and L. Bond},
  series={American Psychologist},
edition = {fourth},
  volume={36},
  number={10},
  pages={S33--S36},
  address = {New York},
  year={1981},
  note={(special issue)},
}

@inproceedings{bib4,
  title={Spectral shape analysis of infrared absorption of thermally grown silicon dioxide films},
  author={N. Yasuda and {Takagi S-i} and A. Toriumi},
publisher = {MacMillan},
  booktitle={Proceedings of the Second International Symposium on the Control of Semiconductor Interfaces},
  editor={T. Hattori and K. Wada and A. Hiraki},
  series={Appl. Surf. Sci.},
  volume={117--118},
  number={June (II)},
  pages={216--220},
  year={1997},
  organization={ISCSI-2},
  address={Karuizawa, Japan, October 28--November 1},
}

@article{bib5,
  title={Het aanleren van deel-geheel relaties ({T}eaching part-whole relations)},
  author={E. H. M. Assink and N. Verloop},
  journal={Pedagogische Studi{\"e}n},
  volume={54},
  pages={130--142},
  year={1977},
  note={(in Dutch)},
}

@article{bib6,
  author={H1 Collaboration},
  journal={Nucl. Phys. B},
  volume={504},
  pages={3},
  year={1997},
}

@article{bib7,
  title={{R}apid {Ca$^{2+}$}-dependent {NO}-production from central nervous system cells in culture measured by {NO}-nitrite/ozone chemoluminescence},
  author={S. Weikert and D. Freyer and M. Weih and N. Isaev and C. Busch and J. Schultze and others},
  journal={Brain Res.},
  volume={748},
  number={8},
  pages={1--111},
  year={1997},
}

@article{bib8,
  title={Aseismic continuation of the Lesser Antilles slab beneath northeastern Venezuela},
  author={J. C. VanDecar  and  R. M. Russo and D. E. James and W. B. Ambeh and M. Franke},
  journal={J. Geophys. Res.},
  volume={108},
  pages={2043},
  year={2003},
  doi={10.1029/2001JB000884}
}

@book{bib9,
author = {W. {Strunk Jr.} and E. B. White},
edition = {third},
title = {The Elements of Style},
note = {(Chapter 4)},
volume={36},
publisher = {MacMillan},
address = {New York},
year = {1979},
}

@book{bib10,
author = {W. E. B. Black},
title = {{C}ollege Bound Seniors},
edition = {second},
publisher = {College Board Publications},
address = {Princeton, NJ},
 volume={36},
 number={10},
year = {1979},
}

@book{bib11,
author = {A. R. Luria},
note = {(Original work published 1965)},
publisher = {Avon Books},
address = {New York},
title = {The Mind of a Mnemonist},
year = {1969},
comment = {(L. Solotarof, Trans.)},
}

@book{bib12,
title = {Bilingual Education: Teaching English as a Second Language},
editor = {S. Letheridge and C. R. Cannon},
publisher = {Praeger},
address = {New York},
year = {1980},
}

@inproceedings{bib13,
author = {T. E. Chaddock},
booktitle = {Proceedings of the Fourth International Symposium on Gastrointestinal
Motility, ISGM4},
editor = {E.E. Daniel},
note = {4--8 September 1973, Seattle, WA},
pages = {83--92},
publisher = {Mitchell Press},
address = {Vancouver, British Columbia, Canada},
title = {Gastric emptying of a nutritionally balanced liquid diet},
year = {1974},
}

@incollection{bib14,
author = {M. J. Adams and B. J. Briscoe and S. K. Sinha},
booktitle = {Dissipative Processes in Tribology},
editor = {D. Dowson and C.M. Taylor and T.H.C. Childs and M. Godet and G. Dalmas},
note = {D. Dowson (Ed.), Tribology Series, vol. 27},
pages = {223-234},
publisher = {Elsevier},
address = {Amsterdam},
title = {Interface friction and energy dissipation in soft solid processing applications},
year = {1994},
}

@inproceedings{bib15,
editor = {J. G. Wilson and F. C. Fraser},
booktitle = {1977--1978},
publisher = {Plenum Press},
address = {New York},
year = {1995},
title = {{Handbook of Teratology}, vols. 1--4},
}

@incollection{bib16,
author = {C. E. Sluzki and J. Beavin},
booktitle = {The Interactional View},
editor = {P. Watzlawick, J.H. Weakland},
pages = {71-87},
publisher = {Norton},
address = {New York},
comment = {See:},
title = {Symmetry and complementarity},
year = {1977},
note = {{R}eprinted from: Acta Psiquiatrica y Psicologica de America Latina, 11 (1965) 321-330},
}

@article{bib17,
author = {F. Yu and X.-S. Wu},
journal = {Phys. Rev. Lett},
number = {2996},
title = {Nonlinear current algebra in the {SL S,R/U(1)} coset model},
volume = {68},
year = {1992},
url = {hep-th/9112009},
comment = {Available from:},
}

@inproceedings{bib18,
author = {F. Douglis and Th. Ball},
booktitle = {Proc. 1996 USENIX Technical Conference},
title = {Tracking and viewing changes on the web},
year = {1996},
}

@book{bib19,
author = {H. A. Buchdahl},
note = {First published by Cambridge University Press, Cambridge, 1966. Also available electronically as The Concepts of Classical Thermodynamics (last updated 1999). This reference discusses the basic concepts in a very thorough manner. Its literature list is a a main entry point into the discipline.},
title = {The Concepts of Classical Thermodynamics},
year = {1966},
comment = {See the references in:},
}

@techreport{bib20,
author = {{Cancer Research UK}},
note = {(accessed 13.03.03)},
title = {Cancer statistics reports for the {UK}},
year = {2003},
url = {\url{http://www.cancerresearchuk.org/aboutcancer/statistics/cancerstatsreport/}},
}


@techreport{bib21,
author = {J. G. Koomey},
title = {Growth in data center electricity use 2005 to 2010},
year = {2011},
url = {\url{http://www.analyticspress.com/datacenters.html}}
}

@misc{bib22,
author = {{Apple Inc.}},
title = {Apple---environmental responsibility},
year = {2000},
url = {\url{http://www.apple.com/environment/}}
}

@misc{bib23,
author = {M. Bannister and C. C. Havener},
title = {Absolute Cross Sections for Electron-Impact Single Ionization},
year = {1995},
note = {Unpublished ORNL data},
url = {\url{http://www-cfadc.phy.ornl.gov/xbeam/n2-3tblbannister.html}}
}

@phdthesis{bib24,
author = {I. Kosonen},
title = {HUTSIM---urban traffic simulation and control model: principles and applications},
type = {Ph.D. thesis},
school = {Helsinki University of Technology},
year = {1999}
}

@phdthesis{bib25,
author = {D. Rempfer},
year = {1991},
title = {Koharente strukturen und chaos beim laminar-turbulenten grenzschichtumschlag},
type = {Ph.D. thesis},
school = {University of Stuttgart}
}
