@ARTICLE{LopezMurillo_inprep,
       author = {Lopez Murillo, Ana I.},
        title = "",
        year = {in prep},
}


@ARTICLE{Thao_inprep,
       author = {Thao, Pa Chia},
        title = "",
        year = {in prep},
}


@ARTICLE{Fu2024,
       author = {Fu, Guangwei},
        title = "",
        year = {2024},
}

@article{barber2024tess,
  title={TESS Investigation--Demographics of Young Exoplanets (TI-DYE) II: a second giant planet in the 17-Myr system HIP 67522},
  author={Barber, Madyson G and Thao, Pa Chia and Mann, Andrew W and Vanderburg, Andrew and Mori, Mayuko and Livingston, John H and Fukui, Akihiko and Narita, Norio and Kraus, Adam L and Tofflemire, Benjamin M and others},
  journal={arXiv preprint arXiv:2407.04763},
  year={2024}
}

@ARTICLE{Guo2020AJ_HD97658b,
       author = {{Guo}, Xueying and {Crossfield}, Ian J.~M. and {Dragomir}, Diana and {Kosiarek}, Molly R. and {Lothringer}, Joshua and {Mikal-Evans}, Thomas and {Rosenthal}, Lee and {Benneke}, Bjorn and {Knutson}, Heather A. and {Dalba}, Paul A. and {Kempton}, Eliza M.~R. and {Henry}, Gregory W. and {McCullough}, P.~R. and {Barman}, Travis and {Blunt}, Sarah and {Chontos}, Ashley and {Fortney}, Jonathan and {Fulton}, Benjamin J. and {Hirsch}, Lea and {Howard}, Andrew W. and {Isaacson}, Howard and {Matthews}, Jaymie and {Mocnik}, Teo and {Morley}, Caroline and {Petigura}, Erik A. and {Weiss}, Lauren M.},
        title = "{Updated Parameters and a New Transmission Spectrum of HD 97658b}",
      journal = {\aj},
     keywords = {Transit photometry, Hubble Space Telescope, Exoplanet atmospheres, Radial velocity, 1709, 761, 487, 1332, Astrophysics - Earth and Planetary Astrophysics, Astrophysics - Solar and Stellar Astrophysics},
         year = 2020,
        month = may,
       volume = {159},
       number = {5},
          eid = {239},
        pages = {239},
          doi = {10.3847/1538-3881/ab8815},
archivePrefix = {arXiv},
       eprint = {2004.03601},
 primaryClass = {astro-ph.EP},
       adsurl = {https://ui.adsabs.harvard.edu/abs/2020AJ....159..239G},
      adsnote = {Provided by the SAO/NASA Astrophysics Data System}
}


@ARTICLE{Madhusudhan2011ApJ_GJ436b,
       author = {{Madhusudhan}, N. and {Seager}, S.},
        title = "{High Metallicity and Non-equilibrium Chemistry in the Dayside Atmosphere of hot-Neptune GJ 436b}",
      journal = {\apj},
     keywords = {planetary systems, planets and satellites: general, planets and satellites: individual: GJ 436b, radiative transfer, Astrophysics - Solar and Stellar Astrophysics, Astrophysics - Earth and Planetary Astrophysics},
         year = 2011,
        month = mar,
       volume = {729},
       number = {1},
          eid = {41},
        pages = {41},
          doi = {10.1088/0004-637X/729/1/41},
archivePrefix = {arXiv},
       eprint = {1004.5121},
 primaryClass = {astro-ph.SR},
       adsurl = {https://ui.adsabs.harvard.edu/abs/2011ApJ...729...41M},
      adsnote = {Provided by the SAO/NASA Astrophysics Data System}
}


@ARTICLE{Barat2024_V1298Taub,
       author = {{Barat}, Saugata and {D{\'e}sert}, Jean-Michel and {Vazan}, Allona and {Baeyens}, Robin and {Line}, Michael R. and {Fortney}, Jonathan J. and {David}, Trevor J. and {Livingston}, John H. and {Jacobs}, Bob and {Panwar}, Vatsal and {Shivkumar}, Hinna and {Todorov}, Kamen O. and {Pino}, Lorenzo and {Mraz}, Georgia and {Petigura}, Erik A.},
        title = "{The metal-poor atmosphere of a potential sub-Neptune progenitor}",
      journal = {Nature Astronomy},
     keywords = {Astrophysics - Earth and Planetary Astrophysics},
         year = 2024,
        month = may,
          doi = {10.1038/s41550-024-02257-0},
archivePrefix = {arXiv},
       eprint = {2312.16924},
 primaryClass = {astro-ph.EP},
       adsurl = {https://ui.adsabs.harvard.edu/abs/2024NatAs.tmp...86B},
      adsnote = {Provided by the SAO/NASA Astrophysics Data System}
}



@ARTICLE{Sikora2023AJ,
       author = {{Sikora}, James and {Rowe}, Jason and {Barat}, Saugata and {Bean}, Jacob L. and {Brady}, Madison and {D{\'e}sert}, Jean-Michel and {Feinstein}, Adina D. and {Gilbert}, Emily A. and {Henry}, Gregory and {Kasper}, David and {Lizotte}, D{\'e}reck-Alexandre and {Matesic}, Michael R.~B. and {Panwar}, Vatsal and {Seifahrt}, Andreas and {Shivkumar}, Hinna and {Stef{\'a}nsson}, Gudmundur and {St{\"u}rmer}, Julian},
        title = "{Updated Planetary Mass Constraints of the Young V1298 Tau System Using MAROON-X}",
      journal = {\aj},
     keywords = {Exoplanet astronomy, Exoplanets, Mini Neptunes, Transits, Radial velocity, Exoplanet systems, 486, 498, 1063, 1711, 1332, 484, Astrophysics - Earth and Planetary Astrophysics},
         year = 2023,
        month = jun,
       volume = {165},
       number = {6},
          eid = {250},
        pages = {250},
          doi = {10.3847/1538-3881/acc865},
archivePrefix = {arXiv},
       eprint = {2304.00797},
 primaryClass = {astro-ph.EP},
       adsurl = {https://ui.adsabs.harvard.edu/abs/2023AJ....165..250S},
      adsnote = {Provided by the SAO/NASA Astrophysics Data System}
}



@ARTICLE{Astropy2022,
       author = {{Astropy Collaboration} and {Price-Whelan}, Adrian M. and {Lim}, Pey Lian and {Earl}, Nicholas and {Starkman}, Nathaniel and {Bradley}, Larry and {Shupe}, David L. and {Patil}, Aarya A. and {Corrales}, Lia and {Brasseur}, C.~E. and {N{\"o}the}, Maximilian and {Donath}, Axel and {Tollerud}, Erik and {Morris}, Brett M. and {Ginsburg}, Adam and {Vaher}, Eero and {Weaver}, Benjamin A. and {Tocknell}, James and {Jamieson}, William and {van Kerkwijk}, Marten H. and {Robitaille}, Thomas P. and {Merry}, Bruce and {Bachetti}, Matteo and {G{\"u}nther}, H. Moritz and {Aldcroft}, Thomas L. and {Alvarado-Montes}, Jaime A. and {Archibald}, Anne M. and {B{\'o}di}, Attila and {Bapat}, Shreyas and {Barentsen}, Geert and {Baz{\'a}n}, Juanjo and {Biswas}, Manish and {Boquien}, M{\'e}d{\'e}ric and {Burke}, D.~J. and {Cara}, Daria and {Cara}, Mihai and {Conroy}, Kyle E. and {Conseil}, Simon and {Craig}, Matthew W. and {Cross}, Robert M. and {Cruz}, Kelle L. and {D'Eugenio}, Francesco and {Dencheva}, Nadia and {Devillepoix}, Hadrien A.~R. and {Dietrich}, J{\"o}rg P. and {Eigenbrot}, Arthur Davis and {Erben}, Thomas and {Ferreira}, Leonardo and {Foreman-Mackey}, Daniel and {Fox}, Ryan and {Freij}, Nabil and {Garg}, Suyog and {Geda}, Robel and {Glattly}, Lauren and {Gondhalekar}, Yash and {Gordon}, Karl D. and {Grant}, David and {Greenfield}, Perry and {Groener}, Austen M. and {Guest}, Steve and {Gurovich}, Sebastian and {Handberg}, Rasmus and {Hart}, Akeem and {Hatfield-Dodds}, Zac and {Homeier}, Derek and {Hosseinzadeh}, Griffin and {Jenness}, Tim and {Jones}, Craig K. and {Joseph}, Prajwel and {Kalmbach}, J. Bryce and {Karamehmetoglu}, Emir and {Ka{\l}uszy{\'n}ski}, Miko{\l}aj and {Kelley}, Michael S.~P. and {Kern}, Nicholas and {Kerzendorf}, Wolfgang E. and {Koch}, Eric W. and {Kulumani}, Shankar and {Lee}, Antony and {Ly}, Chun and {Ma}, Zhiyuan and {MacBride}, Conor and {Maljaars}, Jakob M. and {Muna}, Demitri and {Murphy}, N.~A. and {Norman}, Henrik and {O'Steen}, Richard and {Oman}, Kyle A. and {Pacifici}, Camilla and {Pascual}, Sergio and {Pascual-Granado}, J. and {Patil}, Rohit R. and {Perren}, Gabriel I. and {Pickering}, Timothy E. and {Rastogi}, Tanuj and {Roulston}, Benjamin R. and {Ryan}, Daniel F. and {Rykoff}, Eli S. and {Sabater}, Jose and {Sakurikar}, Parikshit and {Salgado}, Jes{\'u}s and {Sanghi}, Aniket and {Saunders}, Nicholas and {Savchenko}, Volodymyr and {Schwardt}, Ludwig and {Seifert-Eckert}, Michael and {Shih}, Albert Y. and {Jain}, Anany Shrey and {Shukla}, Gyanendra and {Sick}, Jonathan and {Simpson}, Chris and {Singanamalla}, Sudheesh and {Singer}, Leo P. and {Singhal}, Jaladh and {Sinha}, Manodeep and {Sip{\H{o}}cz}, Brigitta M. and {Spitler}, Lee R. and {Stansby}, David and {Streicher}, Ole and {{\v{S}}umak}, Jani and {Swinbank}, John D. and {Taranu}, Dan S. and {Tewary}, Nikita and {Tremblay}, Grant R. and {de Val-Borro}, Miguel and {Van Kooten}, Samuel J. and {Vasovi{\'c}}, Zlatan and {Verma}, Shresth and {de Miranda Cardoso}, Jos{\'e} Vin{\'\i}cius and {Williams}, Peter K.~G. and {Wilson}, Tom J. and {Winkel}, Benjamin and {Wood-Vasey}, W.~M. and {Xue}, Rui and {Yoachim}, Peter and {Zhang}, Chen and {Zonca}, Andrea and {Astropy Project Contributors}},
        title = "{The Astropy Project: Sustaining and Growing a Community-oriented Open-source Project and the Latest Major Release (v5.0) of the Core Package}",
      journal = {\apj},
     keywords = {Astronomy software, Open source software, Astronomy data analysis, 1855, 1866, 1858, Astrophysics - Instrumentation and Methods for Astrophysics},
         year = 2022,
        month = aug,
       volume = {935},
       number = {2},
          eid = {167},
        pages = {167},
          doi = {10.3847/1538-4357/ac7c74},
archivePrefix = {arXiv},
       eprint = {2206.14220},
 primaryClass = {astro-ph.IM},
       adsurl = {https://ui.adsabs.harvard.edu/abs/2022ApJ...935..167A},
      adsnote = {Provided by the SAO/NASA Astrophysics Data System}
}

@article{schwarz1978_bic,
  title={Estimating the dimension of a model},
  author={Schwarz, Gideon},
  journal={The annals of statistics},
  pages={461--464},
  year={1978},
  publisher={JSTOR}
}

@ARTICLE{VilhuWalter1987,
       author = {{Vilhu}, Osmi and {Walter}, Frederick M.},
        title = "{Chromospheric-Coronal Activity at Saturated Levels}",
      journal = {\apj},
     keywords = {Binary Stars, Chromosphere, Stellar Activity, Ultraviolet Astronomy, Dwarf Stars, Emission Spectra, G Stars, Iue, K Stars, Magnesium, Stellar Coronas, Stellar Rotation, Astrophysics, STARS: BINARIES, STARS: CHROMOSPHERES, STARS: ROTATION, ULTRAVIOLET: SPECTRA},
         year = 1987,
        month = oct,
       volume = {321},
        pages = {958},
          doi = {10.1086/165689},
       adsurl = {https://ui.adsabs.harvard.edu/abs/1987ApJ...321..958V},
      adsnote = {Provided by the SAO/NASA Astrophysics Data System}
}

@ARTICLE{mordasini16,
       author = {{Mordasini}, C. and {van Boekel}, R. and {Molli{\`e}re}, P. and {Henning}, Th. and {Benneke}, Bj{\"o}rn},
        title = "{The Imprint of Exoplanet Formation History on Observable Present-day Spectra of Hot Jupiters}",
      journal = {\apj},
     keywords = {planet{\textendash}disk interactions, planets and satellites: atmospheres, planets and satellites: composition, planets and satellites: detection, planets and satellites: formation, planets and satellites: physical evolution, Astrophysics - Earth and Planetary Astrophysics},
         year = 2016,
        month = nov,
       volume = {832},
       number = {1},
          eid = {41},
        pages = {41},
archivePrefix = {arXiv},
       eprint = {1609.03019},
 primaryClass = {astro-ph.EP},
       adsurl = {https://ui.adsabs.harvard.edu/abs/2016ApJ...832...41M},
      adsnote = {Provided by the SAO/NASA Astrophysics Data System}
}

@ARTICLE{crossfield23,
       author = {{Crossfield}, Ian J.~M.},
        title = "{Volatile-to-sulfur Ratios Can Recover a Gas Giant's Accretion History}",
      journal = {arXiv e-prints},
     keywords = {Astrophysics - Earth and Planetary Astrophysics},
         year = 2023,
        month = mar,
          eid = {arXiv:2303.17622},
        pages = {arXiv:2303.17622},
archivePrefix = {arXiv},
       eprint = {2303.17622},
 primaryClass = {astro-ph.EP},
       adsurl = {https://ui.adsabs.harvard.edu/abs/2023arXiv230317622C},
      adsnote = {Provided by the SAO/NASA Astrophysics Data System}
}

@ARTICLE{Predehl1995,
       author = {{Predehl}, P. and {Schmitt}, J.~H.~M.~M.},
        title = "{X-raying the interstellar medium: ROSAT observations of dust scattering halos.}",
      journal = {\aap},
     keywords = {INTERSTELLAR MEDIUM: DUST, ISM: CAS A, X-RAYS: ISM},
         year = 1995,
        month = jan,
       volume = {293},
        pages = {889-905},
       adsurl = {https://ui.adsabs.harvard.edu/abs/1995A&A...293..889P},
      adsnote = {Provided by the SAO/NASA Astrophysics Data System}
}



@ARTICLE{Pizzolato2003,
       author = {{Pizzolato}, N. and {Maggio}, A. and {Micela}, G. and {Sciortino}, S. and {Ventura}, P.},
        title = "{The stellar activity-rotation relationship revisited: Dependence of saturated and non-saturated X-ray emission regimes on stellar mass for late-type dwarfs}",
      journal = {\aap},
     keywords = {stars: activity, stars: late-type, X-rays: stars},
         year = 2003,
        month = jan,
       volume = {397},
        pages = {147-157},
          doi = {10.1051/0004-6361:20021560},
       adsurl = {https://ui.adsabs.harvard.edu/abs/2003A&A...397..147P},
      adsnote = {Provided by the SAO/NASA Astrophysics Data System}
}

@ARTICLE{Wright2018,
       author = {{Wright}, Nicholas J. and {Newton}, Elisabeth R. and {Williams}, Peter K.~G. and {Drake}, Jeremy J. and {Yadav}, Rakesh K.},
        title = "{The stellar rotation-activity relationship in fully convective M dwarfs}",
      journal = {\mnras},
     keywords = {dynamo, stars: activity, stars: late-type, stars: rotation, Astrophysics - Solar and Stellar Astrophysics},
         year = 2018,
        month = sep,
       volume = {479},
       number = {2},
        pages = {2351-2360},
          doi = {10.1093/mnras/sty1670},
archivePrefix = {arXiv},
       eprint = {1807.03304},
 primaryClass = {astro-ph.SR},
       adsurl = {https://ui.adsabs.harvard.edu/abs/2018MNRAS.479.2351W},
      adsnote = {Provided by the SAO/NASA Astrophysics Data System}
}

@INPROCEEDINGS{CIAO06,
       author = {{Fruscione}, Antonella and {McDowell}, Jonathan C. and {Allen}, Glenn E. and {Brickhouse}, Nancy S. and {Burke}, Douglas J. and {Davis}, John E. and {Durham}, Nick and {Elvis}, Martin and {Galle}, Elizabeth C. and {Harris}, Daniel E. and {Huenemoerder}, David P. and {Houck}, John C. and {Ishibashi}, Bish and {Karovska}, Margarita and {Nicastro}, Fabrizio and {Noble}, Michael S. and {Nowak}, Michael A. and {Primini}, Frank A. and {Siemiginowska}, Aneta and {Smith}, Randall K. and {Wise}, Michael},
        title = "{CIAO: Chandra's data analysis system}",
    booktitle = {Observatory Operations: Strategies, Processes, and Systems},
         year = 2006,
       editor = {{Silva}, David R. and {Doxsey}, Rodger E.},
       series = {Society of Photo-Optical Instrumentation Engineers (SPIE) Conference Series},
       volume = {6270},
        month = jun,
          eid = {62701V},
        pages = {62701V},
          doi = {10.1117/12.671760},
       adsurl = {https://ui.adsabs.harvard.edu/abs/2006SPIE.6270E..1VF},
      adsnote = {Provided by the SAO/NASA Astrophysics Data System}
}

@INPROCEEDINGS{Arnaud1996,
       author = {{Arnaud}, K.~A.},
        title = "{XSPEC: The First Ten Years}",
    booktitle = {Astronomical Data Analysis Software and Systems V},
         year = 1996,
       editor = {{Jacoby}, George H. and {Barnes}, Jeannette},
       series = {Astronomical Society of the Pacific Conference Series},
       volume = {101},
        month = jan,
        pages = {17},
       adsurl = {https://ui.adsabs.harvard.edu/abs/1996ASPC..101...17A},
      adsnote = {Provided by the SAO/NASA Astrophysics Data System}
}
@ARTICLE{DelZanna:2021,
       author = {{Del Zanna}, G. and {Dere}, K.~P. and {Young}, P.~R. and {Landi}, E.},
        title = "{CHIANTI{\textemdash}An Atomic Database for Emission Lines. XVI. Version 10, Further Extensions}",
      journal = {\apj},
     keywords = {Atomic spectroscopy, Line intensities, Atomic data benchmarking, Atomic physics, Collision processes, 2099, 2084, 2064, 2063, 2065, Physics - Atomic Physics, Astrophysics - Solar and Stellar Astrophysics},
         year = 2021,
        month = mar,
       volume = {909},
       number = {1},
          eid = {38},
        pages = {38},
          doi = {10.3847/1538-4357/abd8ce},
archivePrefix = {arXiv},
       eprint = {2011.05211},
 primaryClass = {physics.atom-ph},
       adsurl = {https://ui.adsabs.harvard.edu/abs/2021ApJ...909...38D},
      adsnote = {Provided by the SAO/NASA Astrophysics Data System}
}


@ARTICLE{Dere:1997,
       author = {{Dere}, K.~P. and {Landi}, E. and {Mason}, H.~E. and {Monsignori Fossi}, B.~C. and {Young}, P.~R.},
        title = "{CHIANTI - an atomic database for emission lines}",
      journal = {\aaps},
     keywords = {ATOMIC DATA, ASTRONOMICAL DATA BASES: MISCELLANEOUS, ULTRAVIOLET: GENERAL, SUN: ATMOSPHERE, STARS: ATMOSPHERE},
         year = 1997,
        month = oct,
       volume = {125},
        pages = {149-173},
          doi = {10.1051/aas:1997368},
       adsurl = {https://ui.adsabs.harvard.edu/abs/1997A&AS..125..149D},
      adsnote = {Provided by the SAO/NASA Astrophysics Data System}
}

@ARTICLE{Lim2023,
       author = {{Lim}, Olivia and {Benneke}, Bj{\"o}rn and {Doyon}, Ren{\'e} and {MacDonald}, Ryan J. and {Piaulet}, Caroline and {Artigau}, {\'E}tienne and {Coulombe}, Louis-Philippe and {Radica}, Michael and {L'Heureux}, Alexandrine and {Albert}, Lo{\"\i}c and {Rackham}, Benjamin V. and {de Wit}, Julien and {Salhi}, Salma and {Roy}, Pierre-Alexis and {Flagg}, Laura and {Fournier-Tondreau}, Marylou and {Taylor}, Jake and {Cook}, Neil J. and {Lafreni{\`e}re}, David and {Cowan}, Nicolas B. and {Kaltenegger}, Lisa and {Rowe}, Jason F. and {Espinoza}, N{\'e}stor and {Dang}, Lisa and {Darveau-Bernier}, Antoine},
        title = "{Atmospheric Reconnaissance of TRAPPIST-1 b with JWST/NIRISS: Evidence for Strong Stellar Contamination in the Transmission Spectra}",
      journal = {\apjl},
     keywords = {Extrasolar rocky planets, Exoplanets, M dwarf stars, Stellar activity, Starspots, Stellar faculae, Exoplanet atmospheres, Transmission spectroscopy, 511, 498, 982, 1580, 1572, 1601, 487, 2133, Astrophysics - Earth and Planetary Astrophysics, Astrophysics - Solar and Stellar Astrophysics},
         year = 2023,
        month = sep,
       volume = {955},
       number = {1},
          eid = {L22},
        pages = {L22},
          doi = {10.3847/2041-8213/acf7c4},
archivePrefix = {arXiv},
       eprint = {2309.07047},
 primaryClass = {astro-ph.EP},
       adsurl = {https://ui.adsabs.harvard.edu/abs/2023ApJ...955L..22L},
      adsnote = {Provided by the SAO/NASA Astrophysics Data System}
}

@ARTICLE{dewit13,
       author = {{de Wit}, Julien and {Seager}, Sara},
        title = "{Constraining Exoplanet Mass from Transmission Spectroscopy}",
      journal = {Science},
     keywords = {ASTRONOMY Astronomy, Chemistry, Planetary-Science, Astrophysics - Earth and Planetary Astrophysics},
         year = 2013,
        month = dec,
       volume = {342},
       number = {6165},
        pages = {1473-1477},
          doi = {10.1126/science.1245450},
archivePrefix = {arXiv},
       eprint = {1401.6181},
 primaryClass = {astro-ph.EP},
       adsurl = {https://ui.adsabs.harvard.edu/abs/2013Sci...342.1473D},
      adsnote = {Provided by the SAO/NASA Astrophysics Data System}
}

@software{espinoza_nestor_2022_6960924,
  author       = {Espinoza, Nestor},
  title        = {TransitSpectroscopy},
  month        = aug,
  year         = 2022,
  publisher    = {Zenodo},
  version      = {0.3.11},
  doi          = {10.5281/zenodo.6960924},
  url          = {https://doi.org/10.5281/zenodo.6960924}
}

@ARTICLE{powell24,
    author = {{Powell}, Diana and {Feinstein}, Adina D. and {Lee}, Elspeth K. H. and {Zhang}, Michael and {Tsai}, Shang-Min and {Taylor}, Jake and {Kirk}, James and {Bell}, Taylor and {Barstow}, Joanna K. and {Gao}, Peter},
    title="{Sulfur dioxide in the mid-infrared transmission spectrum of WASP-39b}",
    journal={Nature},
    year=2024,
    month = jan,
    adsurl = {https://doi.org/10.1038/s41586-024-07040-9}



}


@ARTICLE{Duvvuri:2023,
       author = {{Duvvuri}, Girish M. and {Cauley}, P. Wilson and {Aguirre}, Fernando Cruz and {Kilgard}, Roy and {France}, Kevin and {Berta-Thompson}, Zachory K. and {Pineda}, J. Sebastian},
        title = "{The High-energy Spectrum of the Young Planet Host V1298 Tau}",
      journal = {\aj},
     keywords = {Pre-main sequence stars, X-ray astronomy, Ultraviolet astronomy, Stellar atmospheres, Stellar chromospheres, Stellar coronae, Atmospheric evolution, Stellar magnetic fields, 1290, 1810, 1736, 1584, 230, 305, 2301, 1610, Astrophysics - Solar and Stellar Astrophysics},
         year = 2023,
        month = nov,
       volume = {166},
       number = {5},
          eid = {196},
        pages = {196},
          doi = {10.3847/1538-3881/acfa74},
archivePrefix = {arXiv},
       eprint = {2310.00155},
 primaryClass = {astro-ph.SR},
       adsurl = {https://ui.adsabs.harvard.edu/abs/2023AJ....166..196D},
      adsnote = {Provided by the SAO/NASA Astrophysics Data System}
}


@ARTICLE{Duvvuri:2021,
       author = {{Duvvuri}, Girish M. and {Pineda}, J. Sebastian and {Berta-Thompson}, Zachory K. and {Brown}, Alexander and {France}, Kevin and {Kowalski}, Adam F. and {Redfield}, Seth and {Tilipman}, Dennis and {Vieytes}, Mariela C. and {Wilson}, David J. and {Youngblood}, Allison and {Froning}, Cynthia S. and {Linsky}, Jeffrey and {Parke Loyd}, R.~O. and {Mauas}, Pablo and {Miguel}, Yamila and {Newton}, Elisabeth R. and {Rugheimer}, Sarah and {Christian Schneider}, P.},
        title = "{Reconstructing the Extreme Ultraviolet Emission of Cool Dwarfs Using Differential Emission Measure Polynomials}",
      journal = {\apj},
     keywords = {M dwarf stars, Solar extreme ultraviolet emission, Ultraviolet astronomy, Stellar chromospheres, Stellar coronae, Stellar atmospheres, Stellar activity, Low mass stars, 982, 1493, 1736, 230, 305, 1584, 1580, 2050, Astrophysics - Solar and Stellar Astrophysics, Astrophysics - Earth and Planetary Astrophysics},
         year = 2021,
        month = may,
       volume = {913},
       number = {1},
          eid = {40},
        pages = {40},
          doi = {10.3847/1538-4357/abeaaf},
archivePrefix = {arXiv},
       eprint = {2102.08493},
 primaryClass = {astro-ph.SR},
       adsurl = {https://ui.adsabs.harvard.edu/abs/2021ApJ...913...40D},
      adsnote = {Provided by the SAO/NASA Astrophysics Data System}
}


@ARTICLE{Thorngren2018,
       author = {{Thorngren}, Daniel P. and {Fortney}, Jonathan J.},
        title = "{Bayesian Analysis of Hot-Jupiter Radius Anomalies: Evidence for Ohmic Dissipation?}",
      journal = {\aj},
     keywords = {planets and satellites: gaseous planets, planets and satellites: interiors, planets and satellites: physical evolution, Astrophysics - Earth and Planetary Astrophysics},
         year = 2018,
        month = may,
       volume = {155},
       number = {5},
          eid = {214},
        pages = {214},
          doi = {10.3847/1538-3881/aaba13},
archivePrefix = {arXiv},
       eprint = {1709.04539},
 primaryClass = {astro-ph.EP},
       adsurl = {https://ui.adsabs.harvard.edu/abs/2018AJ....155..214T},
      adsnote = {Provided by the SAO/NASA Astrophysics Data System}
}

@ARTICLE{Fortney2007,
       author = {{Fortney}, J.~J. and {Marley}, M.~S. and {Barnes}, J.~W.},
        title = "{Planetary Radii across Five Orders of Magnitude in Mass and Stellar Insolation: Application to Transits}",
      journal = {\apj},
     keywords = {Stars: Binaries: Eclipsing, Stars: Planetary Systems, Astrophysics},
         year = 2007,
        month = apr,
       volume = {659},
       number = {2},
        pages = {1661-1672},
          doi = {10.1086/512120},
archivePrefix = {arXiv},
       eprint = {astro-ph/0612671},
 primaryClass = {astro-ph},
       adsurl = {https://ui.adsabs.harvard.edu/abs/2007ApJ...659.1661F},
      adsnote = {Provided by the SAO/NASA Astrophysics Data System}
}

@ARTICLE{Chabrier2019,
       author = {{Chabrier}, G. and {Mazevet}, S. and {Soubiran}, F.},
        title = "{A New Equation of State for Dense Hydrogen-Helium Mixtures}",
      journal = {\apj},
     keywords = {brown dwarfs, dense matter, equation of state, planets and satellites: general, plasmas, stars: low-mass, white dwarfs, Astrophysics - Solar and Stellar Astrophysics},
         year = 2019,
        month = feb,
       volume = {872},
       number = {1},
          eid = {51},
        pages = {51},
          doi = {10.3847/1538-4357/aaf99f},
archivePrefix = {arXiv},
       eprint = {1902.01852},
 primaryClass = {astro-ph.SR},
       adsurl = {https://ui.adsabs.harvard.edu/abs/2019ApJ...872...51C},
      adsnote = {Provided by the SAO/NASA Astrophysics Data System}
}

@misc{Thompson1990,
	title = {{ANEOS} analytic equations of state for shock physics codes input manual},
	url = {http://www.osti.gov/servlets/purl/6939284/},
	number = {{SAND}-89-2951, 6939284},
	institution = {Sandia National Laboratory},
	author = {Thompson, S L},
	urldate = {2019-04-02},
	date = {1990-03-01},
    year = 1990,
	langid = {english},
	doi = {10.2172/6939284}
}

@ARTICLE{Thorngren2019,
       author = {{Thorngren}, Daniel and {Fortney}, Jonathan J.},
        title = "{Connecting Giant Planet Atmosphere and Interior Modeling: Constraints on Atmospheric Metal Enrichment}",
      journal = {\apjl},
     keywords = {methods: numerical, methods: statistical, planets and satellites: atmospheres, planets and satellites: gaseous planets, planets and satellites: interiors, planets and satellites: physical evolution, Astrophysics - Earth and Planetary Astrophysics},
         year = 2019,
        month = apr,
       volume = {874},
       number = {2},
          eid = {L31},
        pages = {L31},
          doi = {10.3847/2041-8213/ab1137},
archivePrefix = {arXiv},
       eprint = {1811.11859},
 primaryClass = {astro-ph.EP},
       adsurl = {https://ui.adsabs.harvard.edu/abs/2019ApJ...874L..31T},
      adsnote = {Provided by the SAO/NASA Astrophysics Data System}
}

@ARTICLE{Owen2016,
       author = {{Owen}, James E. and {Wu}, Yanqin},
        title = "{Atmospheres of Low-mass Planets: The ``Boil-off''}",
      journal = {\apj},
     keywords = {planet{\textendash}disk interactions, planets and satellites: composition, planets and satellites: formation, protoplanetary disks, Astrophysics - Earth and Planetary Astrophysics, Astrophysics - Solar and Stellar Astrophysics},
         year = 2016,
        month = feb,
       volume = {817},
       number = {2},
          eid = {107},
        pages = {107},
          doi = {10.3847/0004-637X/817/2/107},
archivePrefix = {arXiv},
       eprint = {1506.02049},
 primaryClass = {astro-ph.EP},
       adsurl = {https://ui.adsabs.harvard.edu/abs/2016ApJ...817..107O},
      adsnote = {Provided by the SAO/NASA Astrophysics Data System}
}

@ARTICLE{Ginzburg2018,
       author = {{Ginzburg}, Sivan and {Schlichting}, Hilke E. and {Sari}, Re'em},
        title = "{Core-powered mass-loss and the radius distribution of small exoplanets}",
      journal = {\mnras},
     keywords = {planets and satellites: atmospheres, planets and satellites: physical evolution, Astrophysics - Earth and Planetary Astrophysics},
         year = 2018,
        month = may,
       volume = {476},
       number = {1},
        pages = {759-765},
          doi = {10.1093/mnras/sty290},
archivePrefix = {arXiv},
       eprint = {1708.01621},
 primaryClass = {astro-ph.EP},
       adsurl = {https://ui.adsabs.harvard.edu/abs/2018MNRAS.476..759G},
      adsnote = {Provided by the SAO/NASA Astrophysics Data System}
}



@ARTICLE{Dai2017,
       author = {{Dai}, Fei and {Winn}, Joshua N. and {Yu}, Liang and {Albrecht}, Simon},
        title = "{The Stellar Obliquity, Planet Mass, and Very Low Albedo of Qatar-2 from K2 Photometry}",
      journal = {\aj},
     keywords = {planetary systems, planets and satellites: general, stars: individual: Qatar-2, Astrophysics - Earth and Planetary Astrophysics},
         year = 2017,
        month = jan,
       volume = {153},
       number = {1},
          eid = {40},
        pages = {40},
          doi = {10.3847/1538-3881/153/1/40},
archivePrefix = {arXiv},
       eprint = {1609.01314},
 primaryClass = {astro-ph.EP},
       adsurl = {https://ui.adsabs.harvard.edu/abs/2017AJ....153...40D},
      adsnote = {Provided by the SAO/NASA Astrophysics Data System}
}


@article{Parviainen2015,
	author = {{Parviainen}, H. and {Aigrain}, S.},
	journal = {\mnras},
	month = nov,
	pages = {3821-3826},
	title = {{LDTK: Limb Darkening Toolkit}},
	volume = 453,
	year = 2015}


@article{Alderson2023,
	author = {{Alderson}, Lili and {Wakeford}, Hannah R. and {Alam}, Munazza K. and {Batalha}, Natasha E. and {Lothringer}, Joshua D. and {Adams Redai}, Jea and {Barat}, Saugata and {Brande}, Jonathan and {Damiano}, Mario and {Daylan}, Tansu and {Espinoza}, N{\'e}stor and {Flagg}, Laura and {Goyal}, Jayesh M. and {Grant}, David and {Hu}, Renyu and {Inglis}, Julie and {Lee}, Elspeth K.~H. and {Mikal-Evans}, Thomas and {Ramos-Rosado}, Lakeisha and {Roy}, Pierre-Alexis and {Wallack}, Nicole L. and {Batalha}, Natalie M. and {Bean}, Jacob L. and {Benneke}, Bj{\"o}rn and {Berta-Thompson}, Zachory K. and {Carter}, Aarynn L. and {Changeat}, Quentin and {Col{\'o}n}, Knicole D. and {Crossfield}, Ian J.~M. and {D{\'e}sert}, Jean-Michel and {Foreman-Mackey}, Daniel and {Gibson}, Neale P. and {Kreidberg}, Laura and {Line}, Michael R. and {L{\'o}pez-Morales}, Mercedes and {Molaverdikhani}, Karan and {Moran}, Sarah E. and {Morello}, Giuseppe and {Moses}, Julianne I. and {Mukherjee}, Sagnick and {Schlawin}, Everett and {Sing}, David K. and {Stevenson}, Kevin B. and {Taylor}, Jake and {Aggarwal}, Keshav and {Ahrer}, Eva-Maria and {Allen}, Natalie H. and {Barstow}, Joanna K. and {Bell}, Taylor J. and {Blecic}, Jasmina and {Casewell}, Sarah L. and {Chubb}, Katy L. and {Crouzet}, Nicolas and {Cubillos}, Patricio E. and {Decin}, Leen and {Feinstein}, Adina D. and {Fortney}, Joanthan J. and {Harrington}, Joseph and {Heng}, Kevin and {Iro}, Nicolas and {Kempton}, Eliza M. -R. and {Kirk}, James and {Knutson}, Heather A. and {Krick}, Jessica and {Leconte}, J{\'e}r{\'e}my and {Lendl}, Monika and {MacDonald}, Ryan J. and {Mancini}, Luigi and {Mansfield}, Megan and {May}, Erin M. and {Mayne}, Nathan J. and {Miguel}, Yamila and {Nikolov}, Nikolay K. and {Ohno}, Kazumasa and {Palle}, Enric and {Parmentier}, Vivien and {Petit dit de la Roche}, Dominique J.~M. and {Piaulet}, Caroline and {Powell}, Diana and {Rackham}, Benjamin V. and {Redfield}, Seth and {Rogers}, Laura K. and {Rustamkulov}, Zafar and {Tan}, Xianyu and {Tremblin}, P. and {Tsai}, Shang-Min and {Turner}, Jake D. and {de Val-Borro}, Miguel and {Venot}, Olivia and {Welbanks}, Luis and {Wheatley}, Peter J. and {Zhang}, Xi},
	journal = {\nat},
	month = feb,
	number = {7949},
	pages = {664-669},
	title = {{Early Release Science of the exoplanet WASP-39b with JWST NIRSpec G395H}},
	volume = {614},
	year = 2023}

@ARTICLE{Espinoza2023,
       author = {{Espinoza}, N{\'e}stor and {{\'U}beda}, Leonardo and {Birkmann}, Stephan M. and {Ferruit}, Pierre and {Valenti}, Jeff A. and {Sing}, David K. and {Rustamkulov}, Zafar and {Regan}, Michael and {Kendrew}, Sarah and {Sabbi}, Elena and {Schlawin}, Everett and {Beatty}, Thomas and {Albert}, Lo{\"\i}c and {Greene}, Thomas P. and {Nikolov}, Nikolay and {Karakla}, Diane and {Keyes}, Charles and {Alves de Oliveira}, Catarina and {B{\"o}ker}, Torsten and {Pena-Guerrero}, Maria and {Giardino}, Giovanna and {Kumari}, Nimisha and {Manjavacas}, Elena and {Proffitt}, Charles and {Rawle}, Timothy},
        title = "{Spectroscopic Time-series Performance of JWST/NIRSpec from Commissioning Observations}",
      journal = {\pasp},
     keywords = {Exoplanet atmospheres, Astronomical instrumentation, Transit photometry, Transmission spectroscopy, Transits, Space telescopes, 487, 799, 1709, 2133, 1711, 1547, Astrophysics - Earth and Planetary Astrophysics, Astrophysics - Instrumentation and Methods for Astrophysics},
         year = 2023,
        month = jan,
       volume = {135},
       number = {1043},
          eid = {018002},
        pages = {018002},
          doi = {10.1088/1538-3873/aca3d3},
archivePrefix = {arXiv},
       eprint = {2211.01459},
 primaryClass = {astro-ph.EP},
       adsurl = {https://ui.adsabs.harvard.edu/abs/2023PASP..135a8002E},
      adsnote = {Provided by the SAO/NASA Astrophysics Data System}
}


@ARTICLE{Behr2023,
       author = {{Behr}, Patrick R. and {France}, Kevin and {Brown}, Alexander and {Duvvuri}, Girish and {Bean}, Jacob L. and {Berta-Thompson}, Zachory and {Froning}, Cynthia and {Miguel}, Yamila and {Pineda}, J. Sebastian and {Wilson}, David J. and {Youngblood}, Allison},
        title = "{The MUSCLES Extension for Atmospheric Transmission Spectroscopy: UV and X-Ray Host-star Observations for JWST ERS \& GTO Targets}",
      journal = {\aj},
     keywords = {Dwarf stars, Exoplanet atmospheres, Hubble Space Telescope, James Webb Space Telescope, Ultraviolet spectroscopy, Planet hosting stars, 2053, 487, 761, 2291, 2284, 1242, Astrophysics - Solar and Stellar Astrophysics, Astrophysics - Earth and Planetary Astrophysics},
         year = 2023,
        month = jul,
       volume = {166},
       number = {1},
          eid = {35},
        pages = {35},
          doi = {10.3847/1538-3881/acdb70},
archivePrefix = {arXiv},
       eprint = {2306.05322},
 primaryClass = {astro-ph.SR},
       adsurl = {https://ui.adsabs.harvard.edu/abs/2023AJ....166...35B},
      adsnote = {Provided by the SAO/NASA Astrophysics Data System}
}


@ARTICLE{mikalevans21,
       author = {{Mikal-Evans}, Thomas and {Crossfield}, Ian J.~M. and {Benneke}, Bj{\"o}rn and {Kreidberg}, Laura and {Moses}, Julie and {Morley}, Caroline V. and {Thorngren}, Daniel and {Molli{\`e}re}, Paul and {Hardegree-Ullman}, Kevin K. and {Brewer}, John and {Christiansen}, Jessie L. and {Ciardi}, David R. and {Dragomir}, Diana and {Dressing}, Courtney and {Fortney}, Jonathan J. and {Gorjian}, Varoujan and {Greene}, Thomas P. and {Hirsch}, Lea A. and {Howard}, Andrew W. and {Howell}, Steve B. and {Isaacson}, Howard and {Kosiarek}, Molly R. and {Krick}, Jessica and {Livingston}, John H. and {Lothringer}, Joshua D. and {Morales}, Farisa Y. and {Petigura}, Erik A. and {Schlieder}, Joshua E. and {Werner}, Michael},
        title = "{Transmission Spectroscopy for the Warm Sub-Neptune HD 3167c: Evidence for Molecular Absorption and a Possible High-metallicity Atmosphere}",
      journal = {\aj},
     keywords = {Exoplanet astronomy, Exoplanets, Exoplanet atmospheres, 486, 498, 487, Astrophysics - Earth and Planetary Astrophysics},
         year = 2021,
        month = jan,
       volume = {161},
       number = {1},
          eid = {18},
        pages = {18},
          doi = {10.3847/1538-3881/abc874},
archivePrefix = {arXiv},
       eprint = {2011.03470},
 primaryClass = {astro-ph.EP},
       adsurl = {https://ui.adsabs.harvard.edu/abs/2021AJ....161...18M},
      adsnote = {Provided by the SAO/NASA Astrophysics Data System}
}

@article{heitzmann2021obliquity,
  title={The Obliquity of HIP 67522 b: A 17 Myr Old Transiting Hot, Jupiter-sized Planet},
  author={Heitzmann, Alexis and Zhou, George and Quinn, Samuel N and Marsden, Stephen C and Wright, Duncan and Petit, Pascal and Vanderburg, Andrew M and Bouma, Luke G and Mann, Andrew W and Rizzuto, Aaron C},
  journal={The Astrophysical Journal Letters},
  volume={922},
  number={1},
  pages={L1},
  year={2021},
  publisher={IOP Publishing}
}

@ARTICLE{libbyroberts20,
       author = {{Libby-Roberts}, Jessica E. and {Berta-Thompson}, Zachory K. and {D{\'e}sert}, Jean-Michel and {Masuda}, Kento and {Morley}, Caroline V. and {Lopez}, Eric D. and {Deck}, Katherine M. and {Fabrycky}, Daniel and {Fortney}, Jonathan J. and {Line}, Michael R. and {Sanchis-Ojeda}, Roberto and {Winn}, Joshua N.},
        title = "{The Featureless Transmission Spectra of Two Super-puff Planets}",
      journal = {\aj},
     keywords = {Atmospheric composition, Exoplanet atmospheres, Exoplanet structure, Exoplanet evolution, Transit timing variation method, Transits, Hubble Space Telescope, Exoplanets, 2120, 487, 495, 491, 1710, 1711, 761, 498, Astrophysics - Earth and Planetary Astrophysics},
         year = 2020,
        month = feb,
       volume = {159},
       number = {2},
          eid = {57},
        pages = {57},
          doi = {10.3847/1538-3881/ab5d36},
archivePrefix = {arXiv},
       eprint = {1910.12988},
 primaryClass = {astro-ph.EP},
       adsurl = {https://ui.adsabs.harvard.edu/abs/2020AJ....159...57L},
      adsnote = {Provided by the SAO/NASA Astrophysics Data System}
}

@ARTICLE{mikalevans23,
       author = {{Mikal-Evans}, Thomas and {Madhusudhan}, Nikku and {Dittmann}, Jason and {G{\"u}nther}, Maximilian N. and {Welbanks}, Luis and {Van Eylen}, Vincent and {Crossfield}, Ian J.~M. and {Daylan}, Tansu and {Kreidberg}, Laura},
        title = "{Hubble Space Telescope Transmission Spectroscopy for the Temperate Sub-Neptune TOI-270 d: A Possible Hydrogen-rich Atmosphere Containing Water Vapor}",
      journal = {\aj},
     keywords = {Exoplanet astronomy, Exoplanet atmospheres, Exoplanet atmospheric composition, 486, 487, 2021, Astrophysics - Earth and Planetary Astrophysics},
         year = 2023,
        month = mar,
       volume = {165},
       number = {3},
          eid = {84},
        pages = {84},
          doi = {10.3847/1538-3881/aca90b},
archivePrefix = {arXiv},
       eprint = {2211.15576},
 primaryClass = {astro-ph.EP},
       adsurl = {https://ui.adsabs.harvard.edu/abs/2023AJ....165...84M},
      adsnote = {Provided by the SAO/NASA Astrophysics Data System}
}

@ARTICLE{kreidberg14,
       author = {{Kreidberg}, Laura and {Bean}, Jacob L. and {D{\'e}sert}, Jean-Michel and {Benneke}, Bj{\"o}rn and {Deming}, Drake and {Stevenson}, Kevin B. and {Seager}, Sara and {Berta-Thompson}, Zachory and {Seifahrt}, Andreas and {Homeier}, Derek},
        title = "{Clouds in the atmosphere of the super-Earth exoplanet GJ1214b}",
      journal = {\nat},
     keywords = {Astrophysics - Earth and Planetary Astrophysics},
         year = 2014,
        month = jan,
       volume = {505},
       number = {7481},
        pages = {69-72},
          doi = {10.1038/nature12888},
archivePrefix = {arXiv},
       eprint = {1401.0022},
 primaryClass = {astro-ph.EP},
       adsurl = {https://ui.adsabs.harvard.edu/abs/2014Natur.505...69K},
      adsnote = {Provided by the SAO/NASA Astrophysics Data System}
}

@ARTICLE{kreidberg22,
       author = {{Kreidberg}, Laura and {Molli{\`e}re}, Paul and {Crossfield}, Ian J.~M. and {Thorngren}, Daniel P. and {Kawashima}, Yui and {Morley}, Caroline V. and {Benneke}, Bj{\"o}rn and {Mikal-Evans}, Thomas and {Berardo}, David and {Kosiarek}, Molly R. and {Gorjian}, Varoujan and {Ciardi}, David R. and {Christiansen}, Jessie L. and {Dragomir}, Diana and {Dressing}, Courtney D. and {Fortney}, Jonathan J. and {Fulton}, Benjamin J. and {Greene}, Thomas P. and {Hardegree-Ullman}, Kevin K. and {Howard}, Andrew W. and {Howell}, Steve B. and {Isaacson}, Howard and {Krick}, Jessica E. and {Livingston}, John H. and {Lothringer}, Joshua D. and {Morales}, Farisa Y. and {Petigura}, Erik A. and {Rodriguez}, Joseph E. and {Schlieder}, Joshua E. and {Weiss}, Lauren M.},
        title = "{Tentative Evidence for Water Vapor in the Atmosphere of the Neptune-sized Exoplanet HD 106315c}",
      journal = {\aj},
     keywords = {Exoplanet atmospheres, Water vapor, Hot Neptunes, Exoplanets, Atmospheric clouds, 487, 1791, 754, 498, 2180, Astrophysics - Earth and Planetary Astrophysics},
         year = 2022,
        month = oct,
       volume = {164},
       number = {4},
          eid = {124},
        pages = {124},
          doi = {10.3847/1538-3881/ac85be},
archivePrefix = {arXiv},
       eprint = {2006.07444},
 primaryClass = {astro-ph.EP},
       adsurl = {https://ui.adsabs.harvard.edu/abs/2022AJ....164..124K},
      adsnote = {Provided by the SAO/NASA Astrophysics Data System}
}

@ARTICLE{guo20,
       author = {{Guo}, Xueying and {Crossfield}, Ian J.~M. and {Dragomir}, Diana and {Kosiarek}, Molly R. and {Lothringer}, Joshua and {Mikal-Evans}, Thomas and {Rosenthal}, Lee and {Benneke}, Bjorn and {Knutson}, Heather A. and {Dalba}, Paul A. and {Kempton}, Eliza M.~R. and {Henry}, Gregory W. and {McCullough}, P.~R. and {Barman}, Travis and {Blunt}, Sarah and {Chontos}, Ashley and {Fortney}, Jonathan and {Fulton}, Benjamin J. and {Hirsch}, Lea and {Howard}, Andrew W. and {Isaacson}, Howard and {Matthews}, Jaymie and {Mocnik}, Teo and {Morley}, Caroline and {Petigura}, Erik A. and {Weiss}, Lauren M.},
        title = "{Updated Parameters and a New Transmission Spectrum of HD 97658b}",
      journal = {\aj},
     keywords = {Transit photometry, Hubble Space Telescope, Exoplanet atmospheres, Radial velocity, 1709, 761, 487, 1332, Astrophysics - Earth and Planetary Astrophysics, Astrophysics - Solar and Stellar Astrophysics},
         year = 2020,
        month = may,
       volume = {159},
       number = {5},
          eid = {239},
        pages = {239},
          doi = {10.3847/1538-3881/ab8815},
archivePrefix = {arXiv},
       eprint = {2004.03601},
 primaryClass = {astro-ph.EP},
       adsurl = {https://ui.adsabs.harvard.edu/abs/2020AJ....159..239G},
      adsnote = {Provided by the SAO/NASA Astrophysics Data System}
}

@ARTICLE{knutson14,
       author = {{Knutson}, Heather A. and {Benneke}, Bj{\"o}rn and {Deming}, Drake and {Homeier}, Derek},
        title = "{A featureless transmission spectrum for the Neptune-mass exoplanet GJ436b}",
      journal = {\nat},
     keywords = {Astrophysics - Earth and Planetary Astrophysics},
         year = 2014,
        month = jan,
       volume = {505},
       number = {7481},
        pages = {66-68},
          doi = {10.1038/nature12887},
archivePrefix = {arXiv},
       eprint = {1401.3350},
 primaryClass = {astro-ph.EP},
       adsurl = {https://ui.adsabs.harvard.edu/abs/2014Natur.505...66K},
      adsnote = {Provided by the SAO/NASA Astrophysics Data System}
}

@ARTICLE{benneke19b,
       author = {{Benneke}, Bj{\"o}rn and {Wong}, Ian and {Piaulet}, Caroline and {Knutson}, Heather A. and {Lothringer}, Joshua and {Morley}, Caroline V. and {Crossfield}, Ian J.~M. and {Gao}, Peter and {Greene}, Thomas P. and {Dressing}, Courtney and {Dragomir}, Diana and {Howard}, Andrew W. and {McCullough}, Peter R. and {Kempton}, Eliza M. -R. and {Fortney}, Jonathan J. and {Fraine}, Jonathan},
        title = "{Water Vapor and Clouds on the Habitable-zone Sub-Neptune Exoplanet K2-18b}",
      journal = {\apjl},
     keywords = {Exoplanets, Mini Neptunes, Exoplanet atmospheres, Exoplanet atmospheric composition, Planetary atmospheres, 498, 1063, 487, 1244, Astrophysics - Earth and Planetary Astrophysics, Astrophysics - Instrumentation and Methods for Astrophysics},
         year = 2019,
        month = dec,
       volume = {887},
       number = {1},
          eid = {L14},
        pages = {L14},
          doi = {10.3847/2041-8213/ab59dc},
archivePrefix = {arXiv},
       eprint = {1909.04642},
 primaryClass = {astro-ph.EP},
       adsurl = {https://ui.adsabs.harvard.edu/abs/2019ApJ...887L..14B},
      adsnote = {Provided by the SAO/NASA Astrophysics Data System}
}

@ARTICLE{fraine14,
       author = {{Fraine}, Jonathan and {Deming}, Drake and {Benneke}, Bjorn and {Knutson}, Heather and {Jord{\'a}n}, Andr{\'e}s and {Espinoza}, N{\'e}stor and {Madhusudhan}, Nikku and {Wilkins}, Ashlee and {Todorov}, Kamen},
        title = "{Water vapour absorption in the clear atmosphere of a Neptune-sized exoplanet}",
      journal = {\nat},
     keywords = {Astrophysics - Earth and Planetary Astrophysics},
         year = 2014,
        month = sep,
       volume = {513},
       number = {7519},
        pages = {526-529},
          doi = {10.1038/nature13785},
archivePrefix = {arXiv},
       eprint = {1409.8349},
 primaryClass = {astro-ph.EP},
       adsurl = {https://ui.adsabs.harvard.edu/abs/2014Natur.513..526F},
      adsnote = {Provided by the SAO/NASA Astrophysics Data System}
}

@ARTICLE{wakeford17,
       author = {{Wakeford}, Hannah R. and {Sing}, David K. and {Kataria}, Tiffany and {Deming}, Drake and {Nikolov}, Nikolay and {Lopez}, Eric D. and {Tremblin}, Pascal and {Amundsen}, David S. and {Lewis}, Nikole K. and {Mandell}, Avi M. and {Fortney}, Jonathan J. and {Knutson}, Heather and {Benneke}, Bj{\"o}rn and {Evans}, Thomas M.},
        title = "{HAT-P-26b: A Neptune-mass exoplanet with a well-constrained heavy element abundance}",
      journal = {Science},
     keywords = {ASTRONOMY, GEOCHEM PHYS, PLANET SCI, Astrophysics - Earth and Planetary Astrophysics},
         year = 2017,
        month = may,
       volume = {356},
       number = {6338},
        pages = {628-631},
          doi = {10.1126/science.aah4668},
archivePrefix = {arXiv},
       eprint = {1705.04354},
 primaryClass = {astro-ph.EP},
       adsurl = {https://ui.adsabs.harvard.edu/abs/2017Sci...356..628W},
      adsnote = {Provided by the SAO/NASA Astrophysics Data System}
}

@ARTICLE{benneke19a,
       author = {{Benneke}, Bj{\"o}rn and {Knutson}, Heather A. and {Lothringer}, Joshua and {Crossfield}, Ian J.~M. and {Moses}, Julianne I. and {Morley}, Caroline and {Kreidberg}, Laura and {Fulton}, Benjamin J. and {Dragomir}, Diana and {Howard}, Andrew W. and {Wong}, Ian and {D{\'e}sert}, Jean-Michel and {McCullough}, Peter R. and {Kempton}, Eliza M. -R. and {Fortney}, Jonathan and {Gilliland}, Ronald and {Deming}, Drake and {Kammer}, Joshua},
        title = "{A sub-Neptune exoplanet with a low-metallicity methane-depleted atmosphere and Mie-scattering clouds}",
      journal = {Nature Astronomy},
     keywords = {Astrophysics - Earth and Planetary Astrophysics},
         year = 2019,
        month = jul,
       volume = {3},
        pages = {813-821},
          doi = {10.1038/s41550-019-0800-5},
archivePrefix = {arXiv},
       eprint = {1907.00449},
 primaryClass = {astro-ph.EP},
       adsurl = {https://ui.adsabs.harvard.edu/abs/2019NatAs...3..813B},
      adsnote = {Provided by the SAO/NASA Astrophysics Data System}
}

@ARTICLE{roy23,
       author = {{Roy}, Pierre-Alexis and {Benneke}, Bj{\"o}rn and {Piaulet}, Caroline and {Gully-Santiago}, Michael A. and {Crossfield}, Ian J.~M. and {Morley}, Caroline V. and {Kreidberg}, Laura and {Mikal-Evans}, Thomas and {Brande}, Jonathan and {Delisle}, Simon and {Greene}, Thomas P. and {Hardegree-Ullman}, Kevin K. and {Barman}, Travis and {Christiansen}, Jessie L. and {Dragomir}, Diana and {Fortney}, Jonathan J. and {Howard}, Andrew W. and {Kosiarek}, Molly R. and {Lothringer}, Joshua D.},
        title = "{Water Absorption in the Transmission Spectrum of the Water World Candidate GJ 9827 d}",
      journal = {\apjl},
     keywords = {Exoplanet atmospheres, Mini Neptunes, Water vapor, Exoplanet atmospheric composition, 487, 1063, 1791, 2021, Astrophysics - Earth and Planetary Astrophysics},
         year = 2023,
        month = sep,
       volume = {954},
       number = {2},
          eid = {L52},
        pages = {L52},
          doi = {10.3847/2041-8213/acebf0},
archivePrefix = {arXiv},
       eprint = {2309.10845},
 primaryClass = {astro-ph.EP},
       adsurl = {https://ui.adsabs.harvard.edu/abs/2023ApJ...954L..52R},
      adsnote = {Provided by the SAO/NASA Astrophysics Data System}
}

@ARTICLE{brande22,
       author = {{Brande}, Jonathan and {Crossfield}, Ian J.~M. and {Kreidberg}, Laura and {Oklop{\v{c}}i{\'c}}, Antonija and {Polanski}, Alex S. and {Barman}, Travis and {Benneke}, Bj{\"o}rn and {Christiansen}, Jessie L. and {Dragomir}, Diana and {Foreman-Mackey}, Daniel and {Fortney}, Jonathan J. and {Greene}, Thomas P. and {Howard}, Andrew W. and {Knutson}, Heather A. and {Lothringer}, Joshua D. and {Mikal-Evans}, Thomas and {Morley}, Caroline V.},
        title = "{A Mirage or an Oasis? Water Vapor in the Atmosphere of the Warm Neptune TOI-674 b}",
      journal = {\aj},
     keywords = {Exoplanet atmospheres, Exoplanet atmospheric composition, Transmission spectroscopy, M dwarf stars, Near infrared astronomy, Hubble Space Telescope, 487, 2021, 2133, 982, 1093, 761, Astrophysics - Earth and Planetary Astrophysics},
         year = 2022,
        month = nov,
       volume = {164},
       number = {5},
          eid = {197},
        pages = {197},
          doi = {10.3847/1538-3881/ac8b7e},
archivePrefix = {arXiv},
       eprint = {2201.04197},
 primaryClass = {astro-ph.EP},
       adsurl = {https://ui.adsabs.harvard.edu/abs/2022AJ....164..197B},
      adsnote = {Provided by the SAO/NASA Astrophysics Data System}
}

@ARTICLE{brande24,
       author = {{Brande}, Jonathan and {Crossfield}, Ian J.~M. and {Kreidberg}, Laura and {Morley}, Caroline V. and {Barman}, Travis and {Benneke}, Bj{\"o}rn and {Christiansen}, Jessie L. and {Dragomir}, Diana and {Fortney}, Jonathan J. and {Greene}, Thomas P. and {Hardegree-Ullman}, Kevin K. and {Howard}, Andrew W. and {Knutson}, Heather A. and {Lothringer}, Joshua D. and {Mikal-Evans}, Thomas},
        title = "{Clouds and Clarity: Revisiting Atmospheric Feature Trends in Neptune-size Exoplanets}",
      journal = {\apjl},
     keywords = {Exoplanet atmospheres, Exoplanet atmospheric composition, Exoplanet atmospheric dynamics, Transmission spectroscopy, Hubble Space Telescope, James Webb Space Telescope, 487, 2021, 2307, 2133, 761, 2291, Astrophysics - Earth and Planetary Astrophysics},
         year = 2024,
        month = jan,
       volume = {961},
       number = {1},
          eid = {L23},
        pages = {L23},
          doi = {10.3847/2041-8213/ad1b5c},
archivePrefix = {arXiv},
       eprint = {2310.07714},
 primaryClass = {astro-ph.EP},
       adsurl = {https://ui.adsabs.harvard.edu/abs/2024ApJ...961L..23B},
      adsnote = {Provided by the SAO/NASA Astrophysics Data System}
}

@ARTICLE{madhu23,
       author = {{Madhusudhan}, Nikku and {Sarkar}, Subhajit and {Constantinou}, Savvas and {Holmberg}, M{\r{a}}ns and {Piette}, Anjali A.~A. and {Moses}, Julianne I.},
        title = "{Carbon-bearing Molecules in a Possible Hycean Atmosphere}",
      journal = {\apjl},
     keywords = {Exoplanets, Habitable planets, Exoplanet atmospheres, Exoplanet atmospheric composition, James Webb Space Telescope, Infrared spectroscopy, Astrobiology, Biosignatures, 498, 695, 487, 2021, 2291, 2285, 74, 2018, Astrophysics - Earth and Planetary Astrophysics},
         year = 2023,
        month = oct,
       volume = {956},
       number = {1},
          eid = {L13},
        pages = {L13},
          doi = {10.3847/2041-8213/acf577},
archivePrefix = {arXiv},
       eprint = {2309.05566},
 primaryClass = {astro-ph.EP},
       adsurl = {https://ui.adsabs.harvard.edu/abs/2023ApJ...956L..13M},
      adsnote = {Provided by the SAO/NASA Astrophysics Data System}
}

@ARTICLE{barat23,
       author = {{Barat}, Saugata and {D{\'e}sert}, Jean-Michel and {Vazan}, Allona and {Baeyens}, Robin and {Line}, Michael R. and {Fortney}, Jonathan J. and {David}, Trevor J. and {Livingston}, John H. and {Jacobs}, Bob and {Panwar}, Vatsal and {Shivkumar}, Hinna and {Todorov}, Kamen O. and {Pino}, Lorenzo and {Mraz}, Georgia and {Petigura}, Erik A.},
        title = "{The metal-poor atmosphere of a Neptune/Sub-Neptune planet progenitor}",
      journal = {arXiv e-prints},
     keywords = {Astrophysics - Earth and Planetary Astrophysics},
         year = 2023,
        month = dec,
          eid = {arXiv:2312.16924},
        pages = {arXiv:2312.16924},
          doi = {10.48550/arXiv.2312.16924},
archivePrefix = {arXiv},
       eprint = {2312.16924},
 primaryClass = {astro-ph.EP},
       adsurl = {https://ui.adsabs.harvard.edu/abs/2023arXiv231216924B},
      adsnote = {Provided by the SAO/NASA Astrophysics Data System}
}

@ARTICLE{horne86,
       author = {{Horne}, K.},
        title = "{An optimal extraction algorithm for CCD spectroscopy.}",
      journal = {\pasp},
     keywords = {Astronomical Spectroscopy, Charge Coupled Devices, Data Reduction, Spectrum Analysis, Image Processing, Iteration, Optimization, Spatial Resolution, Stellar Spectra, Variance (Statistics), Instrumentation and Photography},
         year = 1986,
        month = jun,
       volume = {98},
        pages = {609-617},
          doi = {10.1086/131801},
       adsurl = {https://ui.adsabs.harvard.edu/abs/1986PASP...98..609H},
      adsnote = {Provided by the SAO/NASA Astrophysics Data System}
}

@ARTICLE{feinstein2020joss,
       author = {{Feinstein}, Adina and {Montet}, Benjamin and {Ansdell}, Megan},
        title = "{stella: Convolutional Neural Networks for Flare Identification in TESS}",
      journal = {The Journal of Open Source Software},
     keywords = {stellar rotation, Python, stellar activity, astronomy, PMS stars},
         year = 2020,
        month = aug,
       volume = {5},
       number = {52},
          eid = {2347},
        pages = {2347},
          doi = {10.21105/joss.02347},
       adsurl = {https://ui.adsabs.harvard.edu/abs/2020JOSS....5.2347F},
      adsnote = {Provided by the SAO/NASA Astrophysics Data System}
}

@ARTICLE{wood23,
       author = {{Wood}, Mackenna L. and {Mann}, Andrew W. and {Barber}, Madyson G. and {Bush}, Jonathan L. and {Kraus}, Adam L. and {Tofflemire}, Benjamin M. and {Vanderburg}, Andrew and {Newton}, Elisabeth R. and {Feiden}, Gregory A. and {Zhou}, George and {Bouma}, Luke G. and {Quinn}, Samuel N. and {Armstrong}, David J. and {Osborn}, Ares and {Adibekyan}, Vardan and {Mena}, Elisa Delgado and {Sousa}, Sergio G. and {Gagn{\'e}}, Jonathan and {Fields}, Matthew J. and {Milburn}, Reilly P. and {Thao}, Pa Chia and {Schmidt}, Stephen P. and {Gnilka}, Crystal L. and {Howell}, Steve B. and {Law}, Nicholas M. and {Ziegler}, Carl and {Brice{\~n}o}, C{\'e}sar and {Ricker}, George R. and {Vanderspek}, Roland and {Latham}, David W. and {Seager}, Sara and {Winn}, Joshua N. and {Jenkins}, Jon M. and {Schlieder}, Joshua E. and {Osborn}, Hugh P. and {Twicken}, Joseph D. and {Ciardi}, David R. and {Huang}, Chelsea X.},
        title = "{TESS Hunt for Young and Maturing Exoplanets (THYME). IX. A 27 Myr Extended Population of Lower Centaurus Crux with a Transiting Two-planet System}",
      journal = {\aj},
     keywords = {Stellar ages, Transit photometry, Exoplanets, Stellar associations, Stellar kinematics, 1581, 1709, 498, 1582, 1608, Astrophysics - Solar and Stellar Astrophysics, Astrophysics - Earth and Planetary Astrophysics},
         year = 2023,
        month = mar,
       volume = {165},
       number = {3},
          eid = {85},
        pages = {85},
          doi = {10.3847/1538-3881/aca8fc},
archivePrefix = {arXiv},
       eprint = {2212.03266},
 primaryClass = {astro-ph.SR},
       adsurl = {https://ui.adsabs.harvard.edu/abs/2023AJ....165...85W},
      adsnote = {Provided by the SAO/NASA Astrophysics Data System}
}

@ARTICLE{mann22,
       author = {{Mann}, Andrew W. and {Wood}, Mackenna L. and {Schmidt}, Stephen P. and {Barber}, Madyson G. and {Owen}, James E. and {Tofflemire}, Benjamin M. and {Newton}, Elisabeth R. and {Mamajek}, Eric E. and {Bush}, Jonathan L. and {Mace}, Gregory N. and {Kraus}, Adam L. and {Thao}, Pa Chia and {Vanderburg}, Andrew and {Llama}, Joe and {Johns-Krull}, Christopher M. and {Prato}, L. and {Stahl}, Asa G. and {Tang}, Shih-Yun and {Fields}, Matthew J. and {Collins}, Karen A. and {Collins}, Kevin I. and {Gan}, Tianjun and {Jensen}, Eric L.~N. and {Kamler}, Jacob and {Schwarz}, Richard P. and {Furlan}, Elise and {Gnilka}, Crystal L. and {Howell}, Steve B. and {Lester}, Kathryn V. and {Owens}, Dylan A. and {Suarez}, Olga and {Mekarnia}, Djamel and {Guillot}, Tristan and {Abe}, Lyu and {Triaud}, Amaury H.~M.~J. and {Johnson}, Marshall C. and {Milburn}, Reilly P. and {Rizzuto}, Aaron C. and {Quinn}, Samuel N. and {Kerr}, Ronan and {Ricker}, George R. and {Vanderspek}, Roland and {Latham}, David W. and {Seager}, Sara and {Winn}, Joshua N. and {Jenkins}, Jon M. and {Guerrero}, Natalia M. and {Shporer}, Avi and {Schlieder}, Joshua E. and {McLean}, Brian and {Wohler}, Bill},
        title = "{TESS Hunt for Young and Maturing Exoplanets (THYME). VI. An 11 Myr Giant Planet Transiting a Very-low-mass Star in Lower Centaurus Crux}",
      journal = {\aj},
     keywords = {Pre-main sequence stars, Transits, Exoplanet evolution, Exoplanet formation, Stellar associations, Stellar ages, OB associations, Time domain astronomy, Time series analysis, Late-type stars, Low mass stars, 1290, 1711, 491, 492, 1582, 1581, 1140, 2109, 1916, 909, 2050, Astrophysics - Earth and Planetary Astrophysics, Astrophysics - Solar and Stellar Astrophysics},
         year = 2022,
        month = apr,
       volume = {163},
       number = {4},
          eid = {156},
        pages = {156},
          doi = {10.3847/1538-3881/ac511d},
archivePrefix = {arXiv},
       eprint = {2110.09531},
 primaryClass = {astro-ph.EP},
       adsurl = {https://ui.adsabs.harvard.edu/abs/2022AJ....163..156M},
      adsnote = {Provided by the SAO/NASA Astrophysics Data System}
}



@software{espinoza22,
  author       = {Espinoza, Nestor},
  title        = {TransitSpectroscopy},
  month        = aug,
  year         = 2022,
  publisher    = {Zenodo},
  version      = {0.3.11},
  doi          = {10.5281/zenodo.6960924},
  url          = {https://doi.org/10.5281/zenodo.6960924}
}

@ARTICLE{bell22,
       author = {{Bell}, Taylor and {Ahrer}, Eva-Maria and {Brande}, Jonathan and {Carter}, Aarynn and {Feinstein}, Adina and {Caloca}, Giannina and {Mansfield}, Megan and {Zieba}, Sebastian and {Piaulet}, Caroline and {Benneke}, Bj{\"o}rn and {Filippazzo}, Joseph and {May}, Erin and {Roy}, Pierre-Alexis and {Kreidberg}, Laura and {Stevenson}, Kevin},
        title = "{Eureka!: An End-to-End Pipeline for JWST Time-Series Observations}",
      journal = {The Journal of Open Source Software},
     keywords = {Cython, astronomy, exoplanets, JWST, Python, spectroscopy, HST, photometry, Astrophysics - Instrumentation and Methods for Astrophysics, Astrophysics - Earth and Planetary Astrophysics},
         year = 2022,
        month = nov,
       volume = {7},
       number = {79},
          eid = {4503},
        pages = {4503},
          doi = {10.21105/joss.04503},
archivePrefix = {arXiv},
       eprint = {2207.03585},
 primaryClass = {astro-ph.IM},
       adsurl = {https://ui.adsabs.harvard.edu/abs/2022JOSS....7.4503B},
      adsnote = {Provided by the SAO/NASA Astrophysics Data System}
}



@ARTICLE{kounkel2020,
       author = {{Kounkel}, Marina and {Covey}, Kevin and {Stassun}, Keivan G.},
        title = "{Untangling the Galaxy. II. Structure within 3 kpc}",
      journal = {arXiv e-prints},
     keywords = {Astrophysics - Astrophysics of Galaxies, Astrophysics - Solar and Stellar Astrophysics},
         year = 2020,
        month = apr,
          eid = {arXiv:2004.07261},
        pages = {arXiv:2004.07261},
archivePrefix = {arXiv},
       eprint = {2004.07261},
 primaryClass = {astro-ph.GA},
       adsurl = {https://ui.adsabs.harvard.edu/abs/2020arXiv200407261K},
      adsnote = {Provided by the SAO/NASA Astrophysics Data System}
}
@ARTICLE{Zari18,
       author = {{Zari}, E. and {Hashemi}, H. and {Brown}, A.~G.~A. and {Jardine}, K. and
         {de Zeeuw}, P.~T.},
        title = "{3D mapping of young stars in the solar neighbourhood with Gaia DR2}",
      journal = {\aap},
     keywords = {stars: distances, stars: formation, stars: pre-main sequence, stars: early-type, solar neighborhood, open clusters and associations: general, Astrophysics - Solar and Stellar Astrophysics, Astrophysics - Astrophysics of Galaxies},
         year = 2018,
        month = dec,
       volume = {620},
          eid = {A172},
        pages = {A172},
          doi = {10.1051/0004-6361/201834150},
archivePrefix = {arXiv},
       eprint = {1810.09819},
 primaryClass = {astro-ph.SR},
       adsurl = {https://ui.adsabs.harvard.edu/abs/2018A&A...620A.172Z},
      adsnote = {Provided by the SAO/NASA Astrophysics Data System}
}
@ARTICLE{Oh17,
       author = {{Oh}, Semyeong and {Price-Whelan}, Adrian M. and {Hogg}, David W. and
         {Morton}, Timothy D. and {Spergel}, David N.},
        title = "{Comoving Stars in Gaia DR1: An Abundance of Very Wide Separation Comoving Pairs}",
      journal = {\aj},
     keywords = {binaries: visual, methods: statistical, open clusters and associations: general, parallaxes, proper motions, stars: formation, Astrophysics - Solar and Stellar Astrophysics, Astrophysics - Astrophysics of Galaxies},
         year = 2017,
        month = jun,
       volume = {153},
       number = {6},
          eid = {257},
        pages = {257},
          doi = {10.3847/1538-3881/aa6ffd},
archivePrefix = {arXiv},
       eprint = {1612.02440},
 primaryClass = {astro-ph.SR},
       adsurl = {https://ui.adsabs.harvard.edu/abs/2017AJ....153..257O},
      adsnote = {Provided by the SAO/NASA Astrophysics Data System}
}
@ARTICLE{deZeeuw99,
       author = {{de Zeeuw}, P.~T. and {Hoogerwerf}, R. and {de Bruijne}, J.~H.~J. and
         {Brown}, A.~G.~A. and {Blaauw}, A.},
        title = "{A HIPPARCOS Census of the Nearby OB Associations}",
      journal = {\aj},
     keywords = {STARS: EARLY-TYPE, STARS: FORMATION, STARS: KINEMATICS, STARS: STATISTICS, STARS: PRE-MAIN-SEQUENCE, GALAXY: OPEN CLUSTERS AND ASSOCIATIONS: GENERAL, GALAXY: OPEN CLUSTERS AND ASSOCIATIONS: INDIVIDUAL: NAME: GOULD BELT, Astrophysics},
         year = 1999,
        month = jan,
       volume = {117},
       number = {1},
        pages = {354-399},
          doi = {10.1086/300682},
archivePrefix = {arXiv},
       eprint = {astro-ph/9809227},
 primaryClass = {astro-ph},
       adsurl = {https://ui.adsabs.harvard.edu/abs/1999AJ....117..354D},
      adsnote = {Provided by the SAO/NASA Astrophysics Data System}
}
@ARTICLE{Rizzuto13,
       author = {{Rizzuto}, A.~C. and {Ireland}, M.~J. and {Robertson}, J.~G. and
         {Kok}, Y. and {Tuthill}, P.~G. and {Warrington}, B.~A. and
         {Haubois}, X. and {Tango}, W.~J. and {Norris}, B. and
         {ten Brummelaar}, T. and {Kraus}, A.~L. and {Jacob}, A. and
         {Laliberte-Houdeville}, C.},
        title = "{Long-baseline interferometric multiplicity survey of the Sco-Cen OB association}",
      journal = {\mnras},
     keywords = {methods: statistical, techniques: high angular resolution, techniques: interferometric, binaries: close, stars: formation, open clusters and associations: individual: Sco-Cen, Astrophysics - Solar and Stellar Astrophysics},
         year = "2013",
        month = "Dec",
       volume = {436},
       number = {2},
        pages = {1694-1707},
          doi = {10.1093/mnras/stt1690},
archivePrefix = {arXiv},
       eprint = {1309.3811},
 primaryClass = {astro-ph.SR},
       adsurl = {https://ui.adsabs.harvard.edu/abs/2013MNRAS.436.1694R},
      adsnote = {Provided by the SAO/NASA Astrophysics Data System}
}
@ARTICLE{GalahDR2,
       author = {{Buder}, Sven and {Asplund}, Martin and {Duong}, Ly and {Kos}, Janez and
         {Lind}, Karin and {Ness}, Melissa K. and {Sharma}, Sanjib and {Bland
        -Hawthorn}, Joss and {Casey}, Andrew R. and {de Silva}, Gayandhi M. and
         {D'Orazi}, Valentina and {Freeman}, Ken C. and {Lewis}, Geraint F. and
         {Lin}, Jane and {Martell}, Sarah L. and {Schlesinger}, Katharine J. and
         {Simpson}, Jeffrey D. and {Zucker}, Daniel B. and
         {Zwitter}, Toma{\v{z}} and {Amarsi}, Anish M. and {Anguiano}, Borja and
         {Carollo}, Daniela and {Casagrande}, Luca and {{\v{C}}otar}, Klemen and
         {Cottrell}, Peter L. and {da Costa}, Gary and {Gao}, Xudong D. and
         {Hayden}, Michael R. and {Horner}, Jonathan and {Ireland}, Michael J. and
         {Kafle}, Prajwal R. and {Munari}, Ulisse and {Nataf}, David M. and
         {Nordlander}, Thomas and {Stello}, Dennis and {Ting}, Yuan-Sen and
         {Traven}, Gregor and {Watson}, Fred and {Wittenmyer}, Robert A. and
         {Wyse}, Rosemary F.~G. and {Yong}, David and {Zinn}, Joel C. and
         {{\v{Z}}erjal}, Maru{\v{s}}a and {Galah Collaboration}},
        title = "{The GALAH Survey: second data release}",
      journal = {\mnras},
     keywords = {Surveys, the Galaxy, methods: observational, methods: data analysis, stars: fundamental parameters, stars: abundances, Astrophysics - Solar and Stellar Astrophysics, Astrophysics - Astrophysics of Galaxies},
         year = 2018,
        month = aug,
       volume = {478},
       number = {4},
        pages = {4513-4552},
          doi = {10.1093/mnras/sty1281},
archivePrefix = {arXiv},
       eprint = {1804.06041},
 primaryClass = {astro-ph.SR},
       adsurl = {https://ui.adsabs.harvard.edu/abs/2018MNRAS.478.4513B},
      adsnote = {Provided by the SAO/NASA Astrophysics Data System}
}
@article{McInnes2017,
  doi = {10.21105/joss.00205},
  url = {https://doi.org/10.21105\%2Fjoss.00205},
  year  = {2017},
  month = {mar},
  publisher = {The Open Journal},
  volume = {2},
  number = {11},
  author = {Leland McInnes and John Healy and Steve Astels},
  title = {hdbscan: Hierarchical density based clustering},
  journal = {The Journal of Open Source Software}
}
@ARTICLE{Lallement2019,
       author = {{Lallement}, R. and {Babusiaux}, C. and {Vergely}, J.~L. and {Katz}, D. and
         {Arenou}, F. and {Valette}, B. and {Hottier}, C. and {Capitanio}, L.},
        title = "{Gaia-2MASS 3D maps of Galactic interstellar dust within 3 kpc}",
      journal = {\aap},
     keywords = {dust, extinction, local insterstellar matter, ISM: clouds, Astrophysics - Astrophysics of Galaxies},
         year = "2019",
        month = "May",
       volume = {625},
          eid = {A135},
        pages = {A135},
          doi = {10.1051/0004-6361/201834695},
archivePrefix = {arXiv},
       eprint = {1902.04116},
 primaryClass = {astro-ph.GA},
       adsurl = {https://ui.adsabs.harvard.edu/abs/2019A&A...625A.135L},
      adsnote = {Provided by the SAO/NASA Astrophysics Data System}
}
@ARTICLE{Crundall19,
       author = {{Crundall}, Timothy D. and {Ireland}, Michael J. and
         {Krumholz}, Mark R. and {Federrath}, Christoph and
         {{\v{Z}}erjal}, Maru{\v{s}}a and {Hansen}, Jonah T.},
        title = "{Chronostar: a novel Bayesian method for kinematic age determination - I. Derivation and application to the {\ensuremath{\beta}} Pictoris moving group}",
      journal = {\mnras},
     keywords = {methods: statistical, stars: kinematics and dynamics, stars: statistics, galaxy: kinematics and dynamics, open clusters and associations: general, Astrophysics - Solar and Stellar Astrophysics, Astrophysics - Astrophysics of Galaxies},
         year = 2019,
        month = nov,
       volume = {489},
       number = {3},
        pages = {3625-3642},
          doi = {10.1093/mnras/stz2376},
archivePrefix = {arXiv},
       eprint = {1902.07732},
 primaryClass = {astro-ph.SR},
       adsurl = {https://ui.adsabs.harvard.edu/abs/2019MNRAS.489.3625C},
      adsnote = {Provided by the SAO/NASA Astrophysics Data System}
}
@ARTICLE{rizzuto_thyme2,
       author = {{Rizzuto}, Aaron C. and {Newton}, Elisabeth R. and {Mann}, Andrew W. and
         {Tofflemire}, Benjamin M. and {Vanderburg}, Andrew and
         {Kraus}, Adam L. and {Wood}, Mackenna L. and {Quinn}, Samuel N. and
         {Zhou}, George and {Thao}, Pa Chia and {Law}, Nicholas M. and
         {Ziegler}, Carl and {Brice{\~n}o}, C{\'e}sar},
        title = "{TESS Hunt for Young and Maturing Exoplanets (THYME). II. A 17 Myr Old Transiting Hot Jupiter in the Sco-Cen Association}",
      journal = {\aj},
     keywords = {1711, 1833, 1567, 491, 486, Astrophysics - Earth and Planetary Astrophysics, Astrophysics - Solar and Stellar Astrophysics},
         year = 2020,
        month = jul,
       volume = {160},
       number = {1},
          eid = {33},
        pages = {33},
          doi = {10.3847/1538-3881/ab94b7},
archivePrefix = {arXiv},
       eprint = {2005.00013},
 primaryClass = {astro-ph.EP},
       adsurl = {https://ui.adsabs.harvard.edu/abs/2020AJ....160...33R},
      adsnote = {Provided by the SAO/NASA Astrophysics Data System}
}


@ARTICLE{MiretRoig20,
       author = {{Miret-Roig}, N. and {Galli}, P.~A.~B. and {Brandner}, W. and
         {Bouy}, H. and {Barrado}, D. and {Olivares}, J. and {Antoja}, T. and
         {Romero-G{\'o}mez}, M. and {Figueras}, F. and {Lillo-Box}, J.},
        title = "{Dynamical traceback age of the $\beta$ Pictoris moving group}",
      journal = {arXiv e-prints},
     keywords = {Astrophysics - Astrophysics of Galaxies, Astrophysics - Earth and Planetary Astrophysics, Astrophysics - Solar and Stellar Astrophysics},
         year = 2020,
        month = jul,
          eid = {arXiv:2007.10997},
        pages = {arXiv:2007.10997},
archivePrefix = {arXiv},
       eprint = {2007.10997},
 primaryClass = {astro-ph.GA},
       adsurl = {https://ui.adsabs.harvard.edu/abs/2020arXiv200710997M},
      adsnote = {Provided by the SAO/NASA Astrophysics Data System}
}
@ARTICLE{fang2017,
       author = {{Fang}, Qiliang and {Herczeg}, Gregory J. and {Rizzuto}, Aaron},
        title = "{Age Spreads and the Temperature Dependence of Age Estimates in Upper Sco}",
      journal = {\apj},
     keywords = {stars: evolution, stars: formation, stars: pre-main sequence, Astrophysics - Solar and Stellar Astrophysics, Astrophysics - Astrophysics of Galaxies},
         year = 2017,
        month = jun,
       volume = {842},
       number = {2},
          eid = {123},
        pages = {123},
          doi = {10.3847/1538-4357/aa74ca},
archivePrefix = {arXiv},
       eprint = {1705.08612},
 primaryClass = {astro-ph.SR},
       adsurl = {https://ui.adsabs.harvard.edu/abs/2017ApJ...842..123F},
      adsnote = {Provided by the SAO/NASA Astrophysics Data System}
}

@ARTICLE{pandexo,
       author = {{Batalha}, Natasha E. and {Mandell}, Avi and {Pontoppidan}, Klaus and
         {Stevenson}, Kevin B. and {Lewis}, Nikole K. and {Kalirai}, Jason and
         {Earl}, Nick and {Greene}, Thomas and {Albert}, Lo{\"\i}c and
         {Nielsen}, Louise D.},
        title = "{PandExo: A Community Tool for Transiting Exoplanet Science with JWST \& HST}",
      journal = {\pasp},
     keywords = {Astrophysics - Instrumentation and Methods for Astrophysics, Astrophysics - Earth and Planetary Astrophysics},
         year = 2017,
        month = jun,
       volume = {129},
       number = {976},
        pages = {064501},
          doi = {10.1088/1538-3873/aa65b0},
archivePrefix = {arXiv},
       eprint = {1702.01820},
 primaryClass = {astro-ph.IM},
       adsurl = {https://ui.adsabs.harvard.edu/abs/2017PASP..129f4501B},
      adsnote = {Provided by the SAO/NASA Astrophysics Data System}
}

@ARTICLE{v1298tau_trevor,
       author = {{David}, Trevor J. and {Cody}, Ann Marie and {Hedges}, Christina L. and
         {Mamajek}, Eric E. and {Hillenbrand}, Lynne A. and {Ciardi}, David R. and
         {Beichman}, Charles A. and {Petigura}, Erik A. and
         {Fulton}, Benjamin J. and {Isaacson}, Howard T. and
         {Howard}, Andrew W. and {Gagn{\'e}}, Jonathan and
         {Saunders}, Nicholas K. and {Rebull}, Luisa M. and {Stauffer}, John R. and
         {Vasisht}, Gautam and {Hinkley}, Sasha},
        title = "{A Warm Jupiter-sized Planet Transiting the Pre-main-sequence Star V1298 Tau}",
      journal = {\aj},
     keywords = {open clusters and associations: individual: Group 29, Taurus─Auriga, planets and satellites: gaseous planets, planets and satellites: physical evolution, stars: individual: V1298 Tau, stars: pre-main sequence, Astrophysics - Earth and Planetary Astrophysics, Astrophysics - Solar and Stellar Astrophysics},
         year = 2019,
        month = aug,
       volume = {158},
       number = {2},
          eid = {79},
        pages = {79},
          doi = {10.3847/1538-3881/ab290f},
archivePrefix = {arXiv},
       eprint = {1902.09670},
 primaryClass = {astro-ph.EP},
       adsurl = {https://ui.adsabs.harvard.edu/abs/2019AJ....158...79D},
      adsnote = {Provided by the SAO/NASA Astrophysics Data System}
}
@ARTICLE{zhang2020,
       author = {{Zhang}, Y. and {Snellen}, I.~A.~G. and {Molli{\`e}re}, P. and
         {Alonso-Floriano}, F.~J. and {Webb}, R.~K. and {Brogi}, M. and
         {Wyttenbach}, A.},
        title = "{Search for He I airglow emission from the hot Jupiter {\ensuremath{\tau}} Boo b}",
      journal = {\aap},
     keywords = {planets and satellites: atmospheres, planets and satellites: individual: {\ensuremath{\tau}} Boo b, techniques: spectroscopic, infrared: planetary systems, Astrophysics - Earth and Planetary Astrophysics},
         year = 2020,
        month = sep,
       volume = {641},
          eid = {A161},
        pages = {A161},
          doi = {10.1051/0004-6361/202038412},
archivePrefix = {arXiv},
       eprint = {2009.05821},
 primaryClass = {astro-ph.EP},
       adsurl = {https://ui.adsabs.harvard.edu/abs/2020A&A...641A.161Z},
      adsnote = {Provided by the SAO/NASA Astrophysics Data System}
}


@article{Rogers2021,
	author = {{Rogers}, James G. and {Owen}, James E.},
	journal = {\mnras},
	month = may,
	number = {1},
	pages = {1526-1542},
	title = {{Unveiling the planet population at birth}},
	volume = {503},
	year = 2021}

@MISC{Feinstein2024,
       author = {{Feinstein}, Adina and {Welbanks}, Luis and {Ahrer}, Eva-Maria and {Alderson}, Lili and {Barat}, Saugata and {Brande}, Jonathan and {Crossfield}, Ian and {Desert}, Jean-Michel and {Duvvuri}, Girish M. and {Espinoza}, Nestor and {France}, Kevin and {Gao}, Peter and {Guzman Caloca}, Giannina and {Levine}, Garrett and {Livingston}, John and {Lunine}, Jonathan I. and {Luque}, Rafael and {Mann}, Andrew Withycombe and {Mukherjee}, Sagnick and {Murray}, Catriona Anne and {Owen}, James Edward and {Rackham}, Benjamin and {Radica}, Michael and {Rockcliffe}, Keighley Elizabeth and {Rogers}, Leslie and {Seager}, Sara and {Seligman}, Darryl and {Shapiro}, Alexander I. and {Thao}, Pa Chia and {Vissapragada}, Shreyas},
        title = "{KRONOS: Keys to Revealing the Origin and Nature Of sub-neptune Systems}",
 howpublished = {JWST Proposal. Cycle 3, ID. \#5959},
         year = 2024,
        month = feb,
        pages = {5959},
       adsurl = {https://ui.adsabs.harvard.edu/abs/2024jwst.prop.5959F},
      adsnote = {Provided by the SAO/NASA Astrophysics Data System}
}



@INPROCEEDINGS{Clemens_2004,
       author = {{Clemens}, J. Christopher and {Crain}, J. Adam and {Anderson}, Robert},
        title = "{The Goodman spectrograph}",
    booktitle = {Ground-based Instrumentation for Astronomy},
         year = 2004,
       editor = {{Moorwood}, Alan F.~M. and {Iye}, Masanori},
       series = {Society of Photo-Optical Instrumentation Engineers (SPIE) Conference Series},
       volume = {5492},
        month = sep,
        pages = {331-340},
          doi = {10.1117/12.550069},
       adsurl = {https://ui.adsabs.harvard.edu/abs/2004SPIE.5492..331C},
      adsnote = {Provided by the SAO/NASA Astrophysics Data System}
}

@article{collins2017astroimagej,
  title={AstroImageJ: Image processing and photometric extraction for ultra-precise astronomical light curves},
  author={Collins, Karen A and Kielkopf, John F and Stassun, Keivan G and Hessman, Frederic V},
  journal={The Astronomical Journal},
  volume={153},
  number={2},
  pages={77},
  year={2017},
  publisher={IOP Publishing}
}

@ARTICLE{Kempton2018,
       author = {{Kempton}, Eliza M. -R. and {Bean}, Jacob L. and {Louie}, Dana R. and {Deming}, Drake and {Koll}, Daniel D.~B. and {Mansfield}, Megan and {Christiansen}, Jessie L. and {L{\'o}pez-Morales}, Mercedes and {Swain}, Mark R. and {Zellem}, Robert T. and {Ballard}, Sarah and {Barclay}, Thomas and {Barstow}, Joanna K. and {Batalha}, Natasha E. and {Beatty}, Thomas G. and {Berta-Thompson}, Zach and {Birkby}, Jayne and {Buchhave}, Lars A. and {Charbonneau}, David and {Cowan}, Nicolas B. and {Crossfield}, Ian and {de Val-Borro}, Miguel and {Doyon}, Ren{\'e} and {Dragomir}, Diana and {Gaidos}, Eric and {Heng}, Kevin and {Hu}, Renyu and {Kane}, Stephen R. and {Kreidberg}, Laura and {Mallonn}, Matthias and {Morley}, Caroline V. and {Narita}, Norio and {Nascimbeni}, Valerio and {Pall{\'e}}, Enric and {Quintana}, Elisa V. and {Rauscher}, Emily and {Seager}, Sara and {Shkolnik}, Evgenya L. and {Sing}, David K. and {Sozzetti}, Alessandro and {Stassun}, Keivan G. and {Valenti}, Jeff A. and {von Essen}, Carolina},
        title = "{A Framework for Prioritizing the TESS Planetary Candidates Most Amenable to Atmospheric Characterization}",
      journal = {\pasp},
     keywords = {Astrophysics - Earth and Planetary Astrophysics},
         year = 2018,
        month = nov,
       volume = {130},
       number = {993},
        pages = {114401},
          doi = {10.1088/1538-3873/aadf6f},
archivePrefix = {arXiv},
       eprint = {1805.03671},
 primaryClass = {astro-ph.EP},
       adsurl = {https://ui.adsabs.harvard.edu/abs/2018PASP..130k4401K},
      adsnote = {Provided by the SAO/NASA Astrophysics Data System}
}

@ARTICLE{Rogers2024,
       author = {{Rogers}, James G. and {Owen}, James E. and {Schlichting}, Hilke E.},
        title = "{Under the light of a new star: evolution of planetary atmospheres through protoplanetary disc dispersal and boil-off}",
      journal = {\mnras},
     keywords = {planets and satellites: atmospheres, planets and satellites: formation, Astrophysics - Earth and Planetary Astrophysics},
         year = 2024,
        month = apr,
       volume = {529},
       number = {3},
        pages = {2716-2733},
          doi = {10.1093/mnras/stae563},
archivePrefix = {arXiv},
       eprint = {2311.12295},
 primaryClass = {astro-ph.EP},
       adsurl = {https://ui.adsabs.harvard.edu/abs/2024MNRAS.529.2716R},
      adsnote = {Provided by the SAO/NASA Astrophysics Data System}
}

@ARTICLE{Lee2016,
       author = {{Lee}, Eve J. and {Chiang}, Eugene},
        title = "{Breeding Super-Earths and Birthing Super-puffs in Transitional Disks}",
      journal = {\apj},
     keywords = {planets and satellites: atmospheres, planets and satellites: formation, Astrophysics - Earth and Planetary Astrophysics},
         year = 2016,
        month = feb,
       volume = {817},
       number = {2},
          eid = {90},
        pages = {90},
          doi = {10.3847/0004-637X/817/2/90},
archivePrefix = {arXiv},
       eprint = {1510.08855},
 primaryClass = {astro-ph.EP},
       adsurl = {https://ui.adsabs.harvard.edu/abs/2016ApJ...817...90L},
      adsnote = {Provided by the SAO/NASA Astrophysics Data System}
}


@ARTICLE{Bell2023,
       author = {{Bell}, Taylor J. and {Welbanks}, Luis and {Schlawin}, Everett and {Line}, Michael R. and {Fortney}, Jonathan J. and {Greene}, Thomas P. and {Ohno}, Kazumasa and {Parmentier}, Vivien and {Rauscher}, Emily and {Beatty}, Thomas G. and {Mukherjee}, Sagnick and {Wiser}, Lindsey S. and {Boyer}, Martha L. and {Rieke}, Marcia J. and {Stansberry}, John A.},
        title = "{Methane throughout the atmosphere of the warm exoplanet WASP-80b}",
      journal = {\nat},
     keywords = {Astrophysics - Earth and Planetary Astrophysics},
         year = 2023,
        month = nov,
       volume = {623},
       number = {7988},
        pages = {709-712},
          doi = {10.1038/s41586-023-06687-0},
archivePrefix = {arXiv},
       eprint = {2309.04042},
 primaryClass = {astro-ph.EP},
       adsurl = {https://ui.adsabs.harvard.edu/abs/2023Natur.623..709B},
      adsnote = {Provided by the SAO/NASA Astrophysics Data System}
}




@article{brown2013cumbres,
  title={Las Cumbres Observatory global telescope network},
  author={Brown, TM and Baliber, N and Bianco, FB and Bowman, M and Burleson, B and Conway, P and Crellin, M and Depagne, {\'E} and De Vera, J and Dilday, B and others},
  journal={Publications of the Astronomical Society of the Pacific},
  volume={125},
  number={931},
  pages={1031--1055},
  year={2013},
  publisher={The Astronomical Society of the Pacific}
}

@article{espinoza2019juliet,
  title={Juliet: a versatile modelling tool for transiting and non-transiting exoplanetary systems},
  author={Espinoza, N{\'e}stor and Kossakowski, Diana and Brahm, Rafael},
  journal={Monthly Notices of the Royal Astronomical Society},
  volume={490},
  number={2},
  pages={2262--2283},
  year={2019},
  publisher={Oxford University Press}
}

@article{LopezMurillo_prep,
    author = {Lopez-Murillo, Ana Isabel and Mann, Andrew W. and Thao, Pa Chia},
    journal = {in prep},
    year = {in prep}
}

@article{2020MNRAS.498.5972N,
	author = {{Nardiello}, D.},
	journal = {\mnras},
	month = sep,
	number = {4},
	pages = {5972-5989},
	title = {{A PSF-based Approach to TESS High quality data Of Stellar clusters (PATHOS) - III. Exploring the properties of young associations through their variables, dippers, and candidate exoplanets}},
	volume = {498},
	year = 2020}

@article{Vach2024,
	author = {{Vach}, Sydney and {Zhou}, George and {Huang}, Chelsea X. and {Rogers}, James G and {Bouma}, L.~G. and {Douglas}, Stephanie T. and {Kunimoto}, Michelle and {Mann}, Andrew W. and {Barber}, Madyson G. and {Quinn}, Samuel N. and {Latham}, David W. and {Bieryla}, Allyson and {Collins}, Karen},
	journal = {arXiv e-prints},
	month = mar,
	pages = {arXiv:2403.03261},
	title = {{The occurrence of small, short-period planets younger than 200 Myr with TESS}},
	year = 2024}

@article{Bouma2022,
	author = {{Bouma}, L.~G. and {Kerr}, R. and {Curtis}, J.~L. and {Isaacson}, H. and {Hillenbrand}, L.~A. and {Howard}, A.~W. and {Kraus}, A.~L. and {Bieryla}, A. and {Latham}, D.~W. and {Petigura}, E.~A. and {Huber}, D.},
	journal = {\aj},
	month = nov,
	number = {5},
	pages = {215},
	title = {{Kepler and the Behemoth: Three Mini-Neptunes in a 40 Million Year Old Association}},
	volume = {164},
	year = 2022}

@article{feinstein2020flare,
  title={Flare statistics for young stars from a convolutional neural network analysis of TESS data},
  author={Feinstein, Adina D and Montet, Benjamin T and Ansdell, Megan and Nord, Brian and Bean, Jacob L and G{\"u}nther, Maximilian N and Gully-Santiago, Michael A and Schlieder, Joshua E},
  journal={The Astronomical Journal},
  volume={160},
  number={5},
  pages={219},
  year={2020},
  publisher={IOP Publishing}
}

@article{owen2020constraining,
  title={Constraining the entropy of formation from young transiting planet},
  author={Owen, James E},
  journal={Monthly Notices of the Royal Astronomical Society},
  volume={498},
  number={4},
  pages={5030--5040},
  year={2020},
  publisher={Oxford University Press}
}

@ARTICLE{blunt2023overfitting,
       author = {{Blunt}, Sarah and {Carvalho}, Adolfo and {David}, Trevor J. and {Beichman}, Charles and {Zink}, Jon K. and {Gaidos}, Eric and {Behmard}, Aida and {Bouma}, Luke G. and {Cody}, Devin and {Dai}, Fei and {Foreman-Mackey}, Daniel and {Grunblatt}, Sam and {Howard}, Andrew W. and {Kosiarek}, Molly and {Knutson}, Heather A. and {Rubenzahl}, Ryan A. and {Beard}, Corey and {Chontos}, Ashley and {Giacalone}, Steven and {Hirano}, Teruyuki and {Johnson}, Marshall C. and {Lubin}, Jack and {Akana Murphy}, Joseph M. and {Petigura}, Erik A. and {Van Zandt}, Judah and {Weiss}, Lauren},
        title = "{Overfitting Affects the Reliability of Radial Velocity Mass Estimates of the V1298 Tau Planets}",
      journal = {\aj},
     keywords = {Starspots, Radial velocity, 1572, 1332, Astrophysics - Earth and Planetary Astrophysics, Astrophysics - Solar and Stellar Astrophysics},
         year = 2023,
        month = aug,
       volume = {166},
       number = {2},
          eid = {62},
        pages = {62},
          doi = {10.3847/1538-3881/acde78},
archivePrefix = {arXiv},
       eprint = {2306.08145},
 primaryClass = {astro-ph.EP},
       adsurl = {https://ui.adsabs.harvard.edu/abs/2023AJ....166...62B},
      adsnote = {Provided by the SAO/NASA Astrophysics Data System}
}

@article{tran2021epoch,
  title={The epoch of giant planet migration planet search program. I. Near-infrared radial velocity jitter of young sun-like stars},
  author={Tran, Quang H and Bowler, Brendan P and Cochran, William D and Endl, Michael and Stef{\'a}nsson, Gumundur and Mahadevan, Suvrath and Ninan, Joe P and Bender, Chad F and Halverson, Samuel and Roy, Arpita and others},
  journal={The Astronomical Journal},
  volume={161},
  number={4},
  pages={173},
  year={2021},
  publisher={IOP Publishing}
}

@article{oberg2011effects,
  title={The effects of snowlines on C/O in planetary atmospheres},
  author={{\"O}berg, Karin I and Murray-Clay, Ruth and Bergin, Edwin A},
  journal={The Astrophysical Journal Letters},
  volume={743},
  number={1},
  pages={L16},
  year={2011},
  publisher={IOP Publishing}
}

@article{booth2017chemical,
  title={Chemical enrichment of giant planets and discs due to pebble drift},
  author={Booth, Richard A and Clarke, Cathie J and Madhusudhan, Nikku and Ilee, John D},
  journal={Monthly Notices of the Royal Astronomical Society},
  volume={469},
  number={4},
  pages={3994--4011},
  year={2017},
  publisher={Oxford University Press}
}

@article{booth2019planet,
  title={Planet-forming material in a protoplanetary disc: the interplay between chemical evolution and pebble drift},
  author={Booth, Richard A and Ilee, John D},
  journal={Monthly Notices of the Royal Astronomical Society},
  volume={487},
  number={3},
  pages={3998--4011},
  year={2019},
  publisher={Oxford University Press}
}

@article{ioannidis2016starspots,
  title={How do starspots influence the transit timing variations of exoplanets? Simulations of individual and consecutive transits},
  author={Ioannidis, P and Huber, KF and Schmitt, JHMM},
  journal={Astronomy \& Astrophysics},
  volume={585},
  pages={A72},
  year={2016},
  publisher={EDP Sciences}
}

@article{owen2017evaporation,
  title={The evaporation valley in the Kepler planets},
  author={Owen, James E and Wu, Yanqin},
  journal={The Astrophysical Journal},
  volume={847},
  number={1},
  pages={29},
  year={2017},
  publisher={IOP Publishing}
}

@article{feroz2009multinest,
  title={MultiNest: an efficient and robust Bayesian inference tool for cosmology and particle physics},
  author={Feroz, Farhan and Hobson, MP and Bridges, Michael},
  journal={Monthly Notices of the Royal Astronomical Society},
  volume={398},
  number={4},
  pages={1601--1614},
  year={2009},
  publisher={Blackwell Publishing Ltd Oxford, UK}
}

@article{espinoza2018efficient,
  title={Efficient joint sampling of impact parameters and transit depths in transiting exoplanet light curves},
  author={Espinoza, N{\'e}stor},
  journal={arXiv preprint arXiv:1811.04859},
  year={2018}
}

@article{speagle2020dynesty,
  title={DYNESTY: a dynamic nested sampling package for estimating Bayesian posteriors and evidences},
  author={Speagle, Joshua S},
  journal={Monthly Notices of the Royal Astronomical Society},
  volume={493},
  number={3},
  pages={3132--3158},
  year={2020},
  publisher={Oxford University Press}
}

@article{newton2019tess,
  title={TESS Hunt for Young and Maturing Exoplanets (THYME): a planet in the 45 Myr Tucana--Horologium association},
  author={Newton, Elisabeth R and Mann, Andrew W and Tofflemire, Benjamin M and Pearce, Logan and Rizzuto, Aaron C and Vanderburg, Andrew and Martinez, Raquel A and Wang, Jason J and Ruffio, Jean-Baptiste and Kraus, Adam L and others},
  journal={The Astrophysical Journal Letters},
  volume={880},
  number={1},
  pages={L17},
  year={2019},
  publisher={IOP Publishing}
}

@article{mann2016zodiacal,
  title={Zodiacal Exoplanets in Time (ZEIT). III. A Short-period Planet Orbiting a Pre-main-sequence Star in the Upper Scorpius OB Association},
  author={Mann, Andrew W and Newton, Elisabeth R and Rizzuto, Aaron C and Irwin, Jonathan and Feiden, Gregory A and Gaidos, Eric and Mace, Gregory N and Kraus, Adam L and James, David J and Ansdell, Megan and others},
  journal={The Astronomical Journal},
  volume={152},
  number={3},
  pages={61},
  year={2016},
  publisher={IOP Publishing}
}

@article{bouma2020cluster,
  title={Cluster Difference Imaging Photometric Survey. II. TOI 837: A Young Validated Planet in IC 2602},
  author={Bouma, LG and Hartman, JD and Brahm, R and Evans, P and Collins, KA and Zhou, G and Sarkis, P and Quinn, SN and De Leon, J and Livingston, J and others},
  journal={The Astronomical Journal},
  volume={160},
  number={5},
  pages={239},
  year={2020},
  publisher={IOP Publishing}
}

@ARTICLE{David2019ApJ...885L..12D,
       author = {{David}, Trevor J. and {Petigura}, Erik A. and {Luger}, Rodrigo and {Foreman-Mackey}, Daniel and {Livingston}, John H. and {Mamajek}, Eric E. and {Hillenbrand}, Lynne A.},
        title = "{Four Newborn Planets Transiting the Young Solar Analog V1298 Tau}",
      journal = {\apjl},
     keywords = {Exoplanets, Exoplanet astronomy, Exoplanet evolution, Transit photometry, Planetary system formation, Weak-line T Tauri stars, Young star clusters, 498, 486, 491, 1709, 1257, 1795, 1833, Astrophysics - Earth and Planetary Astrophysics, Astrophysics - Solar and Stellar Astrophysics},
         year = 2019,
        month = nov,
       volume = {885},
       number = {1},
          eid = {L12},
        pages = {L12},
          doi = {10.3847/2041-8213/ab4c99},
archivePrefix = {arXiv},
       eprint = {1910.04563},
 primaryClass = {astro-ph.EP},
       adsurl = {https://ui.adsabs.harvard.edu/abs/2019ApJ...885L..12D},
      adsnote = {Provided by the SAO/NASA Astrophysics Data System}
}

@article{bean2021nature,
  title={The Nature and Origins of Sub-Neptune Size Planets},
  author={Bean, Jacob L and Raymond, Sean N and Owen, James E},
  journal={Journal of Geophysical Research: Planets},
  volume={126},
  number={1},
  pages={e2020JE006639},
  year={2021},
  publisher={Wiley Online Library}
}

@article{zeng2019growth,
  title={Growth model interpretation of planet size distribution},
  author={Zeng, Li and Jacobsen, Stein B and Sasselov, Dimitar D and Petaev, Michail I and Vanderburg, Andrew and Lopez-Morales, Mercedes and Perez-Mercader, Juan and Mattsson, Thomas R and Li, Gongjie and Heising, Matthew Z and others},
  journal={Proceedings of the National Academy of Sciences},
  volume={116},
  number={20},
  pages={9723--9728},
  year={2019},
  publisher={National Acad Sciences}
}

@misc{NASAexplanetarchive,
	author = {{NASA Exoplanet Science Institute}},
	date-added = {2022-06-21 14:15:35 -0400},
	date-modified = {2022-06-21 14:15:35 -0400},
	doi = {10.26133/NEA12},
	publisher = {IPAC},
	title = {Planetary Systems Table},
	url = {https://catcopy.ipac.caltech.edu/dois/doi.php?id=10.26133/NEA12},
	year = {2020},
	bdsk-url-1 = {https://catcopy.ipac.caltech.edu/dois/doi.php?id=10.26133/NEA12},
	bdsk-url-2 = {https://doi.org/10.26133/NEA12}}

@INPROCEEDINGS{Twicken2010,
       author = {{Twicken}, Joseph D. and {Clarke}, Bruce D. and {Bryson}, Stephen T. and {Tenenbaum}, Peter and {Wu}, Hayley and {Jenkins}, Jon M. and {Girouard}, Forrest and {Klaus}, Todd C.},
        title = "{Photometric analysis in the Kepler Science Operations Center pipeline}",
    booktitle = {Software and Cyberinfrastructure for Astronomy},
         year = 2010,
       editor = {{Radziwill}, Nicole M. and {Bridger}, Alan},
       series = {Society of Photo-Optical Instrumentation Engineers (SPIE) Conference Series},
       volume = {7740},
        month = jul,
          eid = {774023},
        pages = {774023},
          doi = {10.1117/12.856790},
       adsurl = {https://ui.adsabs.harvard.edu/abs/2010SPIE.7740E..23T},
      adsnote = {Provided by the SAO/NASA Astrophysics Data System}
}

@article{vanderburg2019tess,
  title={TESS spots a compact system of super-Earths around the naked-eye star HR 858},
  author={Vanderburg, Andrew and Huang, Chelsea X and Rodriguez, Joseph E and Becker, Juliette C and Ricker, George R and Vanderspek, Roland K and Latham, David W and Seager, Sara and Winn, Joshua N and Jenkins, Jon M and others},
  journal={The Astrophysical Journal Letters},
  volume={881},
  number={1},
  pages={L19},
  year={2019},
  publisher={IOP Publishing}
}

@MISC{Jenkins2020,
       author = {{Jenkins}, Jon M. and {Tenenbaum}, Peter and {Seader}, Shawn and {Burke}, Christopher J. and {McCauliff}, Sean D. and {Smith}, Jeffrey C. and {Twicken}, Joseph D. and {Chandrasekaran}, Hema},
        title = "{Kepler Data Processing Handbook: Transiting Planet Search}",
     keywords = {Kepler},
 howpublished = {Kepler Science Document KSCI-19081-003},
         year = 2020,
        month = mar,
          eid = {9},
        pages = {9}
}

@ARTICLE{Jenkins2002,
   author = {{Jenkins}, J.~M.},
    title = "{The Impact of Solar-like Variability on the Detectability of Transiting Terrestrial Planets}",
  journal = {\apj},
 keywords = {Methods: Data Analysis, Stars: Planetary Systems, Techniques: Photometric},
     year = 2002,
    month = aug,
   volume = 575,
    pages = {493-505},
      doi = {10.1086/341136},
   adsurl = {http://adsabs.harvard.edu/abs/2002ApJ...575..493J},
  adsnote = {Provided by the SAO/NASA Astrophysics Data System}
}

@inproceedings{jenkins2016tess,
  title={The TESS science processing operations center},
  author={Jenkins, Jon M and Twicken, Joseph D and McCauliff, Sean and Campbell, Jennifer and Sanderfer, Dwight and Lung, David and Mansouri-Samani, Masoud and Girouard, Forrest and Tenenbaum, Peter and Klaus, Todd and others},
  booktitle={Software and Cyberinfrastructure for Astronomy IV},
  volume={9913},
  pages={1232--1251},
  year={2016},
  organization={SPIE}
}

@ARTICLE{Johnstone2021A&A...649A..96J,
       author = {{Johnstone}, C.~P. and {Bartel}, M. and {G{\"u}del}, M.},
        title = "{The active lives of stars: A complete description of the rotation and XUV evolution of F, G, K, and M dwarfs}",
      journal = {\aap},
     keywords = {stars: activity, stars: chromospheres, stars: coronae, stars: late-type, stars: magnetic field, stars: rotation, Astrophysics - Solar and Stellar Astrophysics},
         year = 2021,
        month = may,
       volume = {649},
          eid = {A96},
        pages = {A96},
          doi = {10.1051/0004-6361/202038407},
archivePrefix = {arXiv},
       eprint = {2009.07695},
 primaryClass = {astro-ph.SR},
       adsurl = {https://ui.adsabs.harvard.edu/abs/2021A&A...649A..96J},
      adsnote = {Provided by the SAO/NASA Astrophysics Data System}
}

@ARTICLE{Caldiroli2022A&A...663A.122C,
       author = {{Caldiroli}, Andrea and {Haardt}, Francesco and {Gallo}, Elena and {Spinelli}, Riccardo and {Malsky}, Isaac and {Rauscher}, Emily},
        title = "{Irradiation-driven escape of primordial planetary atmospheres. II. Evaporation efficiency of sub-Neptunes through hot Jupiters}",
      journal = {\aap},
     keywords = {planets and satellites: atmospheres, planets and satellites: dynamical evolution and stability, planets and satellites: physical evolution, Astrophysics - Earth and Planetary Astrophysics},
         year = 2022,
        month = jul,
       volume = {663},
          eid = {A122},
        pages = {A122},
          doi = {10.1051/0004-6361/202142763},
archivePrefix = {arXiv},
       eprint = {2112.00744},
 primaryClass = {astro-ph.EP},
       adsurl = {https://ui.adsabs.harvard.edu/abs/2022A&A...663A.122C},
      adsnote = {Provided by the SAO/NASA Astrophysics Data System}
}

@article{grant2023detection,
  title={Detection of Carbon Monoxide’s 4.6 Micron Fundamental Band Structure in WASP-39b’s Atmosphere with JWST NIRSpec G395H},
  author={Grant, David and Lothringer, Joshua D and Wakeford, Hannah R and Alam, Munazza K and Alderson, Lili and Bean, Jacob L and Benneke, Bj{\"o}rn and D{\'e}sert, Jean-Michel and Daylan, Tansu and Flagg, Laura and others},
  journal={The Astrophysical Journal Letters},
  volume={949},
  number={1},
  pages={L15},
  year={2023},
  publisher={IOP Publishing}
}

@article{rustamkulov2023early,
  title={Early Release Science of the exoplanet WASP-39b with JWST NIRSpec PRISM},
  author={Rustamkulov, Zafar and Sing, DK and Mukherjee, Sagnick and May, Erin M and Kirk, James and Schlawin, Everett and Line, Michael R and Piaulet, Caroline and Carter, Aarynn L and Batalha, Natasha E and others},
  journal={Nature},
  volume={614},
  number={7949},
  pages={659--663},
  year={2023},
  publisher={Nature Publishing Group UK London}
}

@article{Youngblood2016,
  title={The MUSCLES Treasury Survey. II. Intrinsic Ly$\alpha$ and extreme ultraviolet spectra of K and M dwarfs with exoplanets},
  author={Youngblood, Allison and France, Kevin and Loyd, RO Parke and Linsky, Jeffrey L and Redfield, Seth and Schneider, P Christian and Wood, Brian E and Brown, Alexander and Froning, Cynthia and Miguel, Yamila and others},
  journal={The Astrophysical Journal},
  volume={824},
  number={2},
  pages={101},
  year={2016},
  publisher={IOP Publishing}
}

@article{Wood2005,
  title={Stellar Ly$\alpha$ emission lines in the hubble space telescope archive: intrinsic line fluxes and absorption from the heliosphere and astrospheres},
  author={Wood, Brian E and Redfield, Seth and Linsky, Jeffrey L and M{\"u}ller, Hans-Reinhard and Zank, Gary P},
  journal={The Astrophysical Journal Supplement Series},
  volume={159},
  number={1},
  pages={118},
  year={2005},
  publisher={IOP Publishing}
}

@article{Ribas2005,
  title={Evolution of the solar activity over time and effects on planetary atmospheres. I. High-energy irradiances (1-1700 {\AA})},
  author={Ribas, Ignasi and Guinan, Edward F and G{\"u}del, Manuel and Audard, Marc},
  journal={The Astrophysical Journal},
  volume={622},
  number={1},
  pages={680},
  year={2005},
  publisher={IOP Publishing}
}

@article{ohno2022circumplanetary,
  title={A Circumplanetary Dust Ring May Explain the Extreme Spectral Slope of the 10 Myr Young Exoplanet K2-33b},
  author={Ohno, Kazumasa and Thao, Pa Chia and Mann, Andrew W and Fortney, Jonathan J},
  journal={The Astrophysical Journal Letters},
  volume={940},
  number={2},
  pages={L30},
  year={2022},
  publisher={IOP Publishing}
}
@article{crossfield2017trends,
  title={Trends in atmospheric properties of Neptune-size exoplanets},
  author={Crossfield, Ian JM and Kreidberg, Laura},
  journal={The Astronomical Journal},
  volume={154},
  number={6},
  pages={261},
  year={2017},
  publisher={IOP Publishing}
}

@article{sing2013hst,
  title={HST hot-Jupiter transmission spectral survey: evidence for aerosols and lack of TiO in the atmosphere of WASP-12b},
  author={Sing, David K and Lecavelier des Etangs, Alain and Fortney, Jonathan J and Burrows, Adam S and Pont, Frederic and Wakeford, Hannah R and Ballester, Gilda E and Nikolov, Nikolay and Henry, Gregory W and Aigrain, Suzanne and others},
  journal={Monthly Notices of the Royal Astronomical Society},
  volume={436},
  number={4},
  pages={2956--2973},
  year={2013},
  publisher={Oxford University Press}
}

@article{Ohno2021,
  title={Grain Growth in Escaping Atmospheres: Implications for the Radius Inflation of Super-Puffs},
  author={Ohno, Kazumasa and Tanaka, Yuki A},
  journal={The Astrophysical Journal},
  volume={920},
  number={2},
  pages={124},
  year={2021},
  publisher={IOP Publishing}
}

@ARTICLE{Lopez2014,
       author = {{Lopez}, Eric D. and {Fortney}, Jonathan J.},
        title = "{Understanding the Mass-Radius Relation for Sub-neptunes: Radius as a Proxy for Composition}",
      journal = {\apj},
     keywords = {planets and satellites: composition, planets and satellites: formation, planets and satellites: interiors, planets and satellites: physical evolution, Astrophysics - Earth and Planetary Astrophysics},
         year = 2014,
        month = sep,
       volume = {792},
       number = {1},
          eid = {1},
        pages = {1},
          doi = {10.1088/0004-637X/792/1/1},
archivePrefix = {arXiv},
       eprint = {1311.0329},
 primaryClass = {astro-ph.EP},
       adsurl = {https://ui.adsabs.harvard.edu/abs/2014ApJ...792....1L},
      adsnote = {Provided by the SAO/NASA Astrophysics Data System}
}

@article{sing2016continuum,
  title={A continuum from clear to cloudy hot-Jupiter exoplanets without primordial water depletion},
  author={Sing, David K and Fortney, Jonathan J and Nikolov, Nikolay and Wakeford, Hannah R and Kataria, Tiffany and Evans, Thomas M and Aigrain, Suzanne and Ballester, Gilda E and Burrows, Adam S and Deming, Drake and others},
  journal={Nature},
  volume={529},
  number={7584},
  pages={59--62},
  year={2016},
  publisher={Nature Publishing Group UK London}
}
@article{NUMPY,
  title={Array programming with NumPy},
  author={Harris, Charles R and Millman, K Jarrod and Van Der Walt, St{\'e}fan J and Gommers, Ralf and Virtanen, Pauli and Cournapeau, David and Wieser, Eric and Taylor, Julian and Berg, Sebastian and Smith, Nathaniel J and others},
  journal={Nature},
  volume={585},
  number={7825},
  pages={357--362},
  year={2020},
  publisher={Nature Publishing Group UK London}
}
@article{davenport2019evolution,
  title={The evolution of flare activity with stellar age},
  author={Davenport, James RA and Covey, Kevin R and Clarke, Riley W and Boeck, Austin C and Cornet, Jonathan and Hawley, Suzanne L},
  journal={The Astrophysical Journal},
  volume={871},
  number={2},
  pages={241},
  year={2019},
  publisher={IOP Publishing}
}
@article{ASTROPY,
  title={Astropy: A community Python package for astronomy},
  author={Robitaille, Thomas P and Tollerud, Erik J and Greenfield, Perry and Droettboom, Michael and Bray, Erik and Aldcroft, Tom and Davis, Matt and Ginsburg, Adam and Price-Whelan, Adrian M and Kerzendorf, Wolfgang E and others},
  journal={Astronomy \& Astrophysics},
  volume={558},
  pages={A33},
  year={2013},
  publisher={EDP Sciences}
}

@article{bell2022eureka,
  title={Eureka!: an end-to-end pipeline for JWST time-series observations},
  author={Bell, Taylor J and Ahrer, Eva-Maria and Brande, Jonathan and Carter, Aarynn L and Feinstein, Adina D and Caloca, Giannina Guzman and Mansfield, Megan and Zieba, Sebastian and Piaulet, Caroline and Benneke, Bj{\"o}rn and others},
  journal={arXiv preprint arXiv:2207.03585},
  year={2022}
}
@article{price2018astropy,
  title={The astropy project: building an open-science project and status of the v2. 0 core package},
  author={Price-Whelan, Adrian M and Sip{\H{o}}cz, BM and G{\"u}nther, HM and Lim, PL and Crawford, SM and Conseil, S and Shupe, DL and Craig, MW and Dencheva, N and Ginsburg, A and others},
  journal={The Astronomical Journal},
  volume={156},
  number={3},
  pages={123},
  year={2018},
  publisher={IOP Publishing}
}
@article{SCIPY,
  title={SciPy 1.0: fundamental algorithms for scientific computing in Python},
  author={Virtanen, Pauli and Gommers, Ralf and Oliphant, Travis E and Haberland, Matt and Reddy, Tyler and Cournapeau, David and Burovski, Evgeni and Peterson, Pearu and Weckesser, Warren and Bright, Jonathan and others},
  journal={Nature methods},
  volume={17},
  number={3},
  pages={261--272},
  year={2020},
  publisher={Nature Publishing Group}
}
@article{VULCAN,
  title={VULCAN: an open-source, validated chemical kinetics python code for exoplanetary atmospheres},
  author={Tsai, Shang-Min and Lyons, James R and Grosheintz, Luc and Rimmer, Paul B and Kitzmann, Daniel and Heng, Kevin},
  journal={The Astrophysical Journal Supplement Series},
  volume={228},
  number={2},
  pages={20},
  year={2017},
  publisher={IOP Publishing}
}
@article{PICASO,
  title={Exoplanet reflected-light spectroscopy with PICASO},
  author={Batalha, Natasha E and Marley, Mark S and Lewis, Nikole K and Fortney, Jonathan J},
  journal={The Astrophysical Journal},
  volume={878},
  number={1},
  pages={70},
  year={2019},
  publisher={IOP Publishing}
}
@ARTICLE{stevenson2016,
       author = {{Stevenson}, Kevin B.},
        title = "{Quantifying and Predicting the Presence of Clouds in Exoplanet Atmospheres}",
      journal = {\apjl},
     keywords = {methods: analytical, planets and satellites: atmospheres, techniques: spectroscopic, Astrophysics - Earth and Planetary Astrophysics},
         year = 2016,
        month = feb,
       volume = {817},
       number = {2},
          eid = {L16},
        pages = {L16},
          doi = {10.3847/2041-8205/817/2/L16},
archivePrefix = {arXiv},
       eprint = {1601.03492},
 primaryClass = {astro-ph.EP},
       adsurl = {https://ui.adsabs.harvard.edu/abs/2016ApJ...817L..16S},
      adsnote = {Provided by the SAO/NASA Astrophysics Data System}
}

@ARTICLE{Seager2000,
       author = {{Seager}, S. and {Sasselov}, D.~D.},
        title = "{Theoretical Transmission Spectra during Extrasolar Giant Planet Transits}",
      journal = {\apj},
     keywords = {Stars: Planetary Systems, Radiative Transfer, Stars: Atmospheres, Astrophysics},
         year = 2000,
        month = jul,
       volume = {537},
       number = {2},
        pages = {916-921},
          doi = {10.1086/309088},
archivePrefix = {arXiv},
       eprint = {astro-ph/9912241},
 primaryClass = {astro-ph},
       adsurl = {https://ui.adsabs.harvard.edu/abs/2000ApJ...537..916S},
      adsnote = {Provided by the SAO/NASA Astrophysics Data System}
}

@article{Dattilo2023,
  title={A Unified Treatment of Kepler Occurrence to Trace Planet Evolution. I. Methodology},
  author={Dattilo, Anne and Batalha, Natalie M and Bryson, Steve},
  journal={The Astronomical Journal},
  volume={166},
  number={3},
  pages={122},
  year={2023},
  publisher={IOP Publishing}
}

@ARTICLE{Batalha2019,
       author = {{Batalha}, Natasha E. and {Marley}, Mark S. and {Lewis}, Nikole K. and {Fortney}, Jonathan J.},
        title = "{Exoplanet Reflected-light Spectroscopy with PICASO}",
      journal = {\apj},
     keywords = {planetary systems, techniques: spectroscopic, Astrophysics - Earth and Planetary Astrophysics},
         year = 2019,
        month = jun,
       volume = {878},
       number = {1},
          eid = {70},
        pages = {70},
          doi = {10.3847/1538-4357/ab1b51},
archivePrefix = {arXiv},
       eprint = {1904.09355},
 primaryClass = {astro-ph.EP},
       adsurl = {https://ui.adsabs.harvard.edu/abs/2019ApJ...878...70B},
      adsnote = {Provided by the SAO/NASA Astrophysics Data System}
}

@ARTICLE{Mukherjee2023,
       author = {{Mukherjee}, Sagnick and {Batalha}, Natasha E. and {Fortney}, Jonathan J. and {Marley}, Mark S.},
        title = "{PICASO 3.0: A One-dimensional Climate Model for Giant Planets and Brown Dwarfs}",
      journal = {\apj},
     keywords = {Brown dwarfs, Exoplanets, 185, 498, Astrophysics - Earth and Planetary Astrophysics, Astrophysics - Solar and Stellar Astrophysics},
         year = 2023,
        month = jan,
       volume = {942},
       number = {2},
          eid = {71},
        pages = {71},
          doi = {10.3847/1538-4357/ac9f48},
archivePrefix = {arXiv},
       eprint = {2208.07836},
 primaryClass = {astro-ph.EP},
       adsurl = {https://ui.adsabs.harvard.edu/abs/2023ApJ...942...71M},
      adsnote = {Provided by the SAO/NASA Astrophysics Data System}
}


@dataset{lupu_2023_7542068,
  author       = {Lupu, Roxana and
                  Freedman, Richard and
                  Gharib-Nezhad, Ehsan and
                  Visscher, Channon and
                  Molliere, Paul},
  title        = {{Correlated k coefficients for H2-He atmospheres;
                   196 spectral windows and 1460 pressure-temperature
                   points}},
  month        = jan,
  year         = 2023,
  publisher    = {Zenodo},
  doi          = {10.5281/zenodo.7542068},
  url          = {https://doi.org/10.5281/zenodo.7542068}
}

@dataset{natasha_batalha_2022_6928501,
  author       = {Natasha Batalha and
                  Richard Freedman and
                  Ehsan Gharib-Nezhad and
                  Roxana Lupu},
  title        = {Resampled Opacity Database for PICASO},
  month        = jul,
  year         = 2022,
  publisher    = {Zenodo},
  version      = {2.0},
  doi          = {10.5281/zenodo.6928501},
  url          = {https://doi.org/10.5281/zenodo.6928501}
}

@dataset{natasha_batalha_2020_3759675,
  author       = {Natasha Batalha and
                  Richard Freedman and
                  Roxana Lupu and
                  Mark Marley},
  title        = {Resampled Opacity Database for PICASO v2},
  month        = apr,
  year         = 2020,
  publisher    = {Zenodo},
  version      = {1.0},
  doi          = {10.5281/zenodo.3759675},
  url          = {https://doi.org/10.5281/zenodo.3759675}
}

@ARTICLE{Lodders2009,
       author = {{Lodders}, K. and {Palme}, H. and {Gail}, H. -P.},
        title = "{Abundances of the Elements in the Solar System}",
      journal = {Landolt B\&ouml;rnstein},
     keywords = {solar abundances, solar system abundances, condensation temperatures, Astrophysics - Earth and Planetary Astrophysics},
         year = 2009,
        month = jan,
       volume = {4B},
        pages = {712},
          doi = {10.1007/978-3-540-88055-4_34},
archivePrefix = {arXiv},
       eprint = {0901.1149},
 primaryClass = {astro-ph.EP},
       adsurl = {https://ui.adsabs.harvard.edu/abs/2009LanB...4B..712L},
      adsnote = {Provided by the SAO/NASA Astrophysics Data System}
}

@ARTICLE{Tsai2023,
       author = {{Tsai}, Shang-Min and {Lee}, Elspeth K.~H. and {Powell}, Diana and {Gao}, Peter and {Zhang}, Xi and {Moses}, Julianne and {H{\'e}brard}, Eric and {Venot}, Olivia and {Parmentier}, Vivien and {Jordan}, Sean and {Hu}, Renyu and {Alam}, Munazza K. and {Alderson}, Lili and {Batalha}, Natalie M. and {Bean}, Jacob L. and {Benneke}, Bj{\"o}rn and {Bierson}, Carver J. and {Brady}, Ryan P. and {Carone}, Ludmila and {Carter}, Aarynn L. and {Chubb}, Katy L. and {Inglis}, Julie and {Leconte}, J{\'e}r{\'e}my and {Line}, Michael and {L{\'o}pez-Morales}, Mercedes and {Miguel}, Yamila and {Molaverdikhani}, Karan and {Rustamkulov}, Zafar and {Sing}, David K. and {Stevenson}, Kevin B. and {Wakeford}, Hannah R. and {Yang}, Jeehyun and {Aggarwal}, Keshav and {Baeyens}, Robin and {Barat}, Saugata and {de Val-Borro}, Miguel and {Daylan}, Tansu and {Fortney}, Jonathan J. and {France}, Kevin and {Goyal}, Jayesh M. and {Grant}, David and {Kirk}, James and {Kreidberg}, Laura and {Louca}, Amy and {Moran}, Sarah E. and {Mukherjee}, Sagnick and {Nasedkin}, Evert and {Ohno}, Kazumasa and {Rackham}, Benjamin V. and {Redfield}, Seth and {Taylor}, Jake and {Tremblin}, Pascal and {Visscher}, Channon and {Wallack}, Nicole L. and {Welbanks}, Luis and {Youngblood}, Allison and {Ahrer}, Eva-Maria and {Batalha}, Natasha E. and {Behr}, Patrick and {Berta-Thompson}, Zachory K. and {Blecic}, Jasmina and {Casewell}, S.~L. and {Crossfield}, Ian J.~M. and {Crouzet}, Nicolas and {Cubillos}, Patricio E. and {Decin}, Leen and {D{\'e}sert}, Jean-Michel and {Feinstein}, Adina D. and {Gibson}, Neale P. and {Harrington}, Joseph and {Heng}, Kevin and {Henning}, Thomas and {Kempton}, Eliza M. -R. and {Krick}, Jessica and {Lagage}, Pierre-Olivier and {Lendl}, Monika and {Lothringer}, Joshua D. and {Mansfield}, Megan and {Mayne}, N.~J. and {Mikal-Evans}, Thomas and {Palle}, Enric and {Schlawin}, Everett and {Shorttle}, Oliver and {Wheatley}, Peter J. and {Yurchenko}, Sergei N.},
        title = "{Photochemically produced SO$_{2}$ in the atmosphere of WASP-39b}",
      journal = {\nat},
     keywords = {Astrophysics - Earth and Planetary Astrophysics, Astrophysics - Solar and Stellar Astrophysics},
         year = 2023,
        month = may,
       volume = {617},
       number = {7961},
        pages = {483-487},
          doi = {10.1038/s41586-023-05902-2},
archivePrefix = {arXiv},
       eprint = {2211.10490},
 primaryClass = {astro-ph.EP},
       adsurl = {https://ui.adsabs.harvard.edu/abs/2023Natur.617..483T},
      adsnote = {Provided by the SAO/NASA Astrophysics Data System}
}

@ARTICLE{Tsai2021,
       author = {{Tsai}, Shang-Min and {Malik}, Matej and {Kitzmann}, Daniel and {Lyons}, James R. and {Fateev}, Alexander and {Lee}, Elspeth and {Heng}, Kevin},
        title = "{A Comparative Study of Atmospheric Chemistry with VULCAN}",
      journal = {\apj},
     keywords = {498, 753, 437, 2120, 1244, 1260, 1866, Astrophysics - Earth and Planetary Astrophysics},
         year = 2021,
        month = dec,
       volume = {923},
       number = {2},
          eid = {264},
        pages = {264},
          doi = {10.3847/1538-4357/ac29bc},
archivePrefix = {arXiv},
       eprint = {2108.01790},
 primaryClass = {astro-ph.EP},
       adsurl = {https://ui.adsabs.harvard.edu/abs/2021ApJ...923..264T},
      adsnote = {Provided by the SAO/NASA Astrophysics Data System}
}

@ARTICLE{Tsai2017,
       author = {{Tsai}, Shang-Min and {Lyons}, James R. and {Grosheintz}, Luc and {Rimmer}, Paul B. and {Kitzmann}, Daniel and {Heng}, Kevin},
        title = "{VULCAN: An Open-source, Validated Chemical Kinetics Python Code for Exoplanetary Atmospheres}",
      journal = {\apjs},
     keywords = {methods: numerical, planets and satellites: atmospheres, planets and satellites: composition, Astrophysics - Earth and Planetary Astrophysics},
         year = 2017,
        month = feb,
       volume = {228},
       number = {2},
          eid = {20},
        pages = {20},
          doi = {10.3847/1538-4365/228/2/20},
archivePrefix = {arXiv},
       eprint = {1607.00409},
 primaryClass = {astro-ph.EP},
       adsurl = {https://ui.adsabs.harvard.edu/abs/2017ApJS..228...20T},
      adsnote = {Provided by the SAO/NASA Astrophysics Data System}
}

@ARTICLE{Dyrek2024,
       author = {{Dyrek}, Achr{\`e}ne and {Min}, Michiel and {Decin}, Leen and {Bouwman}, Jeroen and {Crouzet}, Nicolas and {Molli{\`e}re}, Paul and {Lagage}, Pierre-Olivier and {Konings}, Thomas and {Tremblin}, Pascal and {G{\"u}del}, Manuel and {Pye}, John and {Waters}, Rens and {Henning}, Thomas and {Vandenbussche}, Bart and {Ardevol Martinez}, Francisco and {Argyriou}, Ioannis and {Ducrot}, Elsa and {Heinke}, Linus and {van Looveren}, Gwenael and {Absil}, Olivier and {Barrado}, David and {Baudoz}, Pierre and {Boccaletti}, Anthony and {Cossou}, Christophe and {Coulais}, Alain and {Edwards}, Billy and {Gastaud}, Ren{\'e} and {Glasse}, Alistair and {Glauser}, Adrian and {Greene}, Thomas P. and {Kendrew}, Sarah and {Krause}, Oliver and {Lahuis}, Fred and {Mueller}, Michael and {Olofsson}, Goran and {Patapis}, Polychronis and {Rouan}, Daniel and {Royer}, Pierre and {Scheithauer}, Silvia and {Waldmann}, Ingo and {Whiteford}, Niall and {Colina}, Luis and {van Dishoeck}, Ewine F. and {{\"O}stlin}, G{\"o}ran and {Ray}, Tom P. and {Wright}, Gillian},
        title = "{SO$_{2}$, silicate clouds, but no CH$_{4}$ detected in a warm Neptune}",
      journal = {\nat},
     keywords = {Astrophysics - Earth and Planetary Astrophysics, Astrophysics - Instrumentation and Methods for Astrophysics},
         year = 2024,
        month = jan,
       volume = {625},
       number = {7993},
        pages = {51-54},
          doi = {10.1038/s41586-023-06849-0},
archivePrefix = {arXiv},
       eprint = {2311.12515},
 primaryClass = {astro-ph.EP},
       adsurl = {https://ui.adsabs.harvard.edu/abs/2024Natur.625...51D},
      adsnote = {Provided by the SAO/NASA Astrophysics Data System}
}

@article{batalha2017challenges,
  title={Challenges to Constraining Exoplanet Masses via Transmission Spectroscopy},
  author={Batalha, Natasha E and Kempton, Eliza M-R and Mbarek, Rostom},
  journal={The Astrophysical Journal Letters},
  volume={836},
  number={1},
  pages={L5},
  year={2017},
  publisher={IOP Publishing}
}

@ARTICLE{Pollack1996,
       author = {{Pollack}, James B. and {Hubickyj}, Olenka and {Bodenheimer}, Peter and {Lissauer}, Jack J. and {Podolak}, Morris and {Greenzweig}, Yuval},
        title = "{Formation of the Giant Planets by Concurrent Accretion of Solids and Gas}",
      journal = {\icarus},
         year = 1996,
        month = nov,
       volume = {124},
       number = {1},
        pages = {62-85},
          doi = {10.1006/icar.1996.0190},
       adsurl = {https://ui.adsabs.harvard.edu/abs/1996Icar..124...62P},
      adsnote = {Provided by the SAO/NASA Astrophysics Data System}
}

@ARTICLE{Zahnle2009,
       author = {{Zahnle}, K. and {Marley}, M.~S. and {Freedman}, R.~S. and {Lodders}, K. and {Fortney}, J.~J.},
        title = "{Atmospheric Sulfur Photochemistry on Hot Jupiters}",
      journal = {\apjl},
     keywords = {planetary systems, stars: individual: HD 209458 HD 149026, Astrophysics - Earth and Planetary Astrophysics},
         year = 2009,
        month = aug,
       volume = {701},
       number = {1},
        pages = {L20-L24},
          doi = {10.1088/0004-637X/701/1/L20},
archivePrefix = {arXiv},
       eprint = {0903.1663},
 primaryClass = {astro-ph.EP},
       adsurl = {https://ui.adsabs.harvard.edu/abs/2009ApJ...701L..20Z},
      adsnote = {Provided by the SAO/NASA Astrophysics Data System}
}

@ARTICLE{gao2020,
       author = {{Gao}, Peter and {Thorngren}, Daniel P. and {Lee}, Elspeth K.~H. and {Fortney}, Jonathan J. and {Morley}, Caroline V. and {Wakeford}, Hannah R. and {Powell}, Diana K. and {Stevenson}, Kevin B. and {Zhang}, Xi},
        title = "{Aerosol composition of hot giant exoplanets dominated by silicates and hydrocarbon hazes}",
      journal = {Nature Astronomy},
     keywords = {Astrophysics - Earth and Planetary Astrophysics},
         year = 2020,
        month = may,
       volume = {4},
        pages = {951-956},
          doi = {10.1038/s41550-020-1114-3},
archivePrefix = {arXiv},
       eprint = {2005.11939},
 primaryClass = {astro-ph.EP},
       adsurl = {https://ui.adsabs.harvard.edu/abs/2020NatAs...4..951G},
      adsnote = {Provided by the SAO/NASA Astrophysics Data System}
}

@ARTICLE{Sromovsky2011,
       author = {{Sromovsky}, L.~A. and {Fry}, P.~M. and {Kim}, J.~H.},
        title = "{Methane on Uranus: The case for a compact CH $_{4}$ cloud layer at low latitudes and a severe CH $_{4}$ depletion at high-latitudes based on re-analysis of Voyager occultation measurements and STIS spectroscopy}",
      journal = {\icarus},
     keywords = {Astrophysics - Earth and Planetary Astrophysics},
         year = 2011,
        month = sep,
       volume = {215},
       number = {1},
        pages = {292-312},
          doi = {10.1016/j.icarus.2011.06.024},
archivePrefix = {arXiv},
       eprint = {1503.02476},
 primaryClass = {astro-ph.EP},
       adsurl = {https://ui.adsabs.harvard.edu/abs/2011Icar..215..292S},
      adsnote = {Provided by the SAO/NASA Astrophysics Data System}
}

@ARTICLE{Karkoschka2011,
       author = {{Karkoschka}, Erich and {Tomasko}, Martin G.},
        title = "{The haze and methane distributions on Neptune from HST-STIS spectroscopy}",
      journal = {\icarus},
         year = 2011,
        month = jan,
       volume = {211},
       number = {1},
        pages = {780-797},
          doi = {10.1016/j.icarus.2010.08.013},
       adsurl = {https://ui.adsabs.harvard.edu/abs/2011Icar..211..780K},
      adsnote = {Provided by the SAO/NASA Astrophysics Data System}
}

@article{Wellbanks+2019,
  title={Mass--metallicity trends in transiting exoplanets from atmospheric abundances of H2O, Na, and K},
  author={Welbanks, Luis and Madhusudhan, Nikku and Allard, Nicole F and Hubeny, Ivan and Spiegelman, Fernand and Leininger, Thierry},
  journal={The Astrophysical Journal},
  volume={887},
  number={1},
  pages={L20},
  year={2019},
  publisher={American Astronomical Society}
}


@article{Sun+2024,
  title={A revisit of the Mass-Metallicity Trends in Transiting Exoplanets},
  author={Sun, Qinghui and Wang, Sharon Xuesong and Welbanks, Luis and Teske, Johanna and Buchner, Johannes},
  journal={arXiv preprint arXiv:2402.08292},
  year={2024}
}

@ARTICLE{Parmentier2013,
       author = {{Parmentier}, Vivien and {Showman}, Adam P. and {Lian}, Yuan},
        title = "{3D mixing in hot Jupiters atmospheres. I. Application to the day/night cold trap in HD 209458b}",
      journal = {\aap},
     keywords = {planets and satellites: atmospheres, methods: numerical, diffusion, Astrophysics - Earth and Planetary Astrophysics},
         year = 2013,
        month = oct,
       volume = {558},
          eid = {A91},
        pages = {A91},
          doi = {10.1051/0004-6361/201321132},
archivePrefix = {arXiv},
       eprint = {1301.4522},
 primaryClass = {astro-ph.EP},
       adsurl = {https://ui.adsabs.harvard.edu/abs/2013A&A...558A..91P},
      adsnote = {Provided by the SAO/NASA Astrophysics Data System}
}

@ARTICLE{Agundez2014,
       author = {{Ag{\'u}ndez}, Marcelino and {Parmentier}, Vivien and {Venot}, Olivia and {Hersant}, Franck and {Selsis}, Franck},
        title = "{Pseudo 2D chemical model of hot-Jupiter atmospheres: application to HD 209458b and HD 189733b}",
      journal = {\aap},
     keywords = {planets and satellites: atmospheres, planets and satellites: individual: HD 189733b, planets and satellites: composition, planets and satellites: individual: HD 209458b, Astrophysics - Earth and Planetary Astrophysics},
         year = 2014,
        month = apr,
       volume = {564},
          eid = {A73},
        pages = {A73},
          doi = {10.1051/0004-6361/201322895},
archivePrefix = {arXiv},
       eprint = {1403.0121},
 primaryClass = {astro-ph.EP},
       adsurl = {https://ui.adsabs.harvard.edu/abs/2014A&A...564A..73A},
      adsnote = {Provided by the SAO/NASA Astrophysics Data System}
}

@ARTICLE{cridland2019,
       author = {{Cridland}, Alex J. and {van Dishoeck}, Ewine F. and {Alessi}, Matthew and {Pudritz}, Ralph E.},
        title = "{Connecting planet formation and astrochemistry. A main sequence for C/O in hot exoplanetary atmospheres}",
      journal = {\aap},
     keywords = {planets and satellites: composition, planets and satellites: atmospheres, planets and satellites: formation, astrochemistry, protoplanetary disks, Astrophysics - Earth and Planetary Astrophysics},
         year = 2019,
        month = dec,
       volume = {632},
          eid = {A63},
        pages = {A63},
          doi = {10.1051/0004-6361/201936105},
archivePrefix = {arXiv},
       eprint = {1910.13171},
 primaryClass = {astro-ph.EP},
       adsurl = {https://ui.adsabs.harvard.edu/abs/2019A&A...632A..63C},
      adsnote = {Provided by the SAO/NASA Astrophysics Data System}
}

@ARTICLE{espinoza2017,
       author = {{Espinoza}, N{\'e}stor and {Fortney}, Jonathan J. and {Miguel}, Yamila and {Thorngren}, Daniel and {Murray-Clay}, Ruth},
        title = "{Metal Enrichment Leads to Low Atmospheric C/O Ratios in Transiting Giant Exoplanets}",
      journal = {\apjl},
     keywords = {planet{\textendash}disk interactions, planets and satellites: atmospheres, planets and satellites: composition, planets and satellites: formation, protoplanetary disks, Astrophysics - Earth and Planetary Astrophysics},
         year = 2017,
        month = mar,
       volume = {838},
       number = {1},
          eid = {L9},
        pages = {L9},
          doi = {10.3847/2041-8213/aa65ca},
archivePrefix = {arXiv},
       eprint = {1611.08616},
 primaryClass = {astro-ph.EP},
       adsurl = {https://ui.adsabs.harvard.edu/abs/2017ApJ...838L...9E},
      adsnote = {Provided by the SAO/NASA Astrophysics Data System}
}

@ARTICLE{Turrini2021,
       author = {{Turrini}, D. and {Schisano}, E. and {Fonte}, S. and {Molinari}, S. and {Politi}, R. and {Fedele}, D. and {Pani{\'c}}, O. and {Kama}, M. and {Changeat}, Q. and {Tinetti}, G.},
        title = "{Tracing the Formation History of Giant Planets in Protoplanetary Disks with Carbon, Oxygen, Nitrogen, and Sulfur}",
      journal = {\apj},
     keywords = {Planet formation, Extrasolar gas giants, Protoplanetary disks, Metallicity, Chemical abundances, Abundance ratios, 1241, 1300, 1031, 224, 11, 509, Astrophysics - Earth and Planetary Astrophysics},
         year = 2021,
        month = mar,
       volume = {909},
       number = {1},
          eid = {40},
        pages = {40},
          doi = {10.3847/1538-4357/abd6e5},
archivePrefix = {arXiv},
       eprint = {2012.14315},
 primaryClass = {astro-ph.EP},
       adsurl = {https://ui.adsabs.harvard.edu/abs/2021ApJ...909...40T},
      adsnote = {Provided by the SAO/NASA Astrophysics Data System}
}

@ARTICLE{Eistrup2018,
       author = {{Eistrup}, Christian and {Walsh}, Catherine and {van Dishoeck}, Ewine F.},
        title = "{Molecular abundances and C/O ratios in chemically evolving planet-forming disk midplanes}",
      journal = {\aap},
     keywords = {protoplanetary disks, planets and satellites: formation, astrochemistry, planetary and satellites: atmospheres, Astrophysics - Earth and Planetary Astrophysics},
         year = 2018,
        month = may,
       volume = {613},
          eid = {A14},
        pages = {A14},
          doi = {10.1051/0004-6361/201731302},
archivePrefix = {arXiv},
       eprint = {1709.07863},
 primaryClass = {astro-ph.EP},
       adsurl = {https://ui.adsabs.harvard.edu/abs/2018A&A...613A..14E},
      adsnote = {Provided by the SAO/NASA Astrophysics Data System}
}

@ARTICLE{Madhusudhan2017,
       author = {{Madhusudhan}, Nikku and {Bitsch}, Bertram and {Johansen}, Anders and {Eriksson}, Linn},
        title = "{Atmospheric signatures of giant exoplanet formation by pebble accretion}",
      journal = {\mnras},
     keywords = {planets and satellites: atmospheres, planets and satellites: composition, planets and satellites: formation, planets and satellites: interiors, Astrophysics - Earth and Planetary Astrophysics},
         year = 2017,
        month = aug,
       volume = {469},
       number = {4},
        pages = {4102-4115},
          doi = {10.1093/mnras/stx1139},
archivePrefix = {arXiv},
       eprint = {1611.03083},
 primaryClass = {astro-ph.EP},
       adsurl = {https://ui.adsabs.harvard.edu/abs/2017MNRAS.469.4102M},
      adsnote = {Provided by the SAO/NASA Astrophysics Data System}
}

@ARTICLE{Fortney2013,
       author = {{Fortney}, Jonathan J. and {Mordasini}, Christoph and {Nettelmann}, Nadine and {Kempton}, Eliza M. -R. and {Greene}, Thomas P. and {Zahnle}, Kevin},
        title = "{A Framework for Characterizing the Atmospheres of Low-mass Low-density Transiting Planets}",
      journal = {\apj},
     keywords = {planets and satellites: atmospheres, planets and satellites: composition, planets and satellites: formation, Astrophysics - Earth and Planetary Astrophysics},
         year = 2013,
        month = sep,
       volume = {775},
       number = {1},
          eid = {80},
        pages = {80},
          doi = {10.1088/0004-637X/775/1/80},
archivePrefix = {arXiv},
       eprint = {1306.4329},
 primaryClass = {astro-ph.EP},
       adsurl = {https://ui.adsabs.harvard.edu/abs/2013ApJ...775...80F},
      adsnote = {Provided by the SAO/NASA Astrophysics Data System}
}

@ARTICLE{Xue2024,
       author = {{Xue}, Qiao and {Bean}, Jacob L. and {Zhang}, Michael and {Welbanks}, Luis and {Lunine}, Jonathan and {August}, Prune},
        title = "{JWST Transmission Spectroscopy of HD 209458b: A Supersolar Metallicity, a Very Low C/O, and No Evidence of CH$_{4}$, HCN, or C$_{2}$H$_{2}$}",
      journal = {\apjl},
     keywords = {Exoplanet atmospheres, Exoplanet atmospheric composition, Exoplanet atmospheric structure, 487, 2021, 2310, Astrophysics - Earth and Planetary Astrophysics},
         year = 2024,
        month = mar,
       volume = {963},
       number = {1},
          eid = {L5},
        pages = {L5},
          doi = {10.3847/2041-8213/ad2682},
archivePrefix = {arXiv},
       eprint = {2310.03245},
 primaryClass = {astro-ph.EP},
       adsurl = {https://ui.adsabs.harvard.edu/abs/2024ApJ...963L...5X},
      adsnote = {Provided by the SAO/NASA Astrophysics Data System}
}

@ARTICLE{August2023,
       author = {{August}, Prune C. and {Bean}, Jacob L. and {Zhang}, Michael and {Lunine}, Jonathan and {Xue}, Qiao and {Line}, Michael and {Smith}, Peter C.~B.},
        title = "{Confirmation of Subsolar Metallicity for WASP-77Ab from JWST Thermal Emission Spectroscopy}",
      journal = {\apjl},
     keywords = {Exoplanets, Exoplanet atmospheres, James Webb Space Telescope, 498, 487, 2291, Astrophysics - Earth and Planetary Astrophysics},
         year = 2023,
        month = aug,
       volume = {953},
       number = {2},
          eid = {L24},
        pages = {L24},
          doi = {10.3847/2041-8213/ace828},
archivePrefix = {arXiv},
       eprint = {2305.07753},
 primaryClass = {astro-ph.EP},
       adsurl = {https://ui.adsabs.harvard.edu/abs/2023ApJ...953L..24A},
      adsnote = {Provided by the SAO/NASA Astrophysics Data System}
}

@ARTICLE{Radica2023,
       author = {{Radica}, Michael and {Welbanks}, Luis and {Espinoza}, N{\'e}stor and {Taylor}, Jake and {Coulombe}, Louis-Philippe and {Feinstein}, Adina D. and {Goyal}, Jayesh and {Scarsdale}, Nicholas and {Albert}, Lo{\"\i}c and {Baghel}, Priyanka and {Bean}, Jacob L. and {Blecic}, Jasmina and {Lafreni{\`e}re}, David and {MacDonald}, Ryan J. and {Zamyatina}, Maria and {Allart1}, Romain and {Artigau}, {\'E}tienne and {Batalha}, Natasha E. and {Cook}, Neil James and {Cowan}, Nicolas B. and {Dang}, Lisa and {Doyon}, Ren{\'e} and {Fournier-Tondreau}, Marylou and {Johnstone}, Doug and {Line}, Michael R. and {Moran}, Sarah E. and {Mukherjee}, Sagnick and {Pelletier}, Stefan and {Roy}, Pierre-Alexis and {Talens}, Geert Jan and {Filippazzo}, Joseph and {Pontoppidan}, Klaus and {Volk}, Kevin},
        title = "{Awesome SOSS: transmission spectroscopy of WASP-96b with NIRISS/SOSS}",
      journal = {\mnras},
     keywords = {methods: data analysis, techniques: spectroscopic, planets and satellites: atmospheres, planets and satellites: gaseous planets, planets and satellites: individual: WASP-96 b, Astrophysics - Earth and Planetary Astrophysics},
         year = 2023,
        month = sep,
       volume = {524},
       number = {1},
        pages = {835-856},
          doi = {10.1093/mnras/stad1762},
archivePrefix = {arXiv},
       eprint = {2305.17001},
 primaryClass = {astro-ph.EP},
       adsurl = {https://ui.adsabs.harvard.edu/abs/2023MNRAS.524..835R},
      adsnote = {Provided by the SAO/NASA Astrophysics Data System}
}




