@ARTICLE{mcnally-etal-2018,
       author = {{McNally}, Colin P. and {Nelson}, Richard P. and {Paardekooper}, Sijme-Jan},
        title = "{Low-mass planet migration in magnetically torqued dead zones - II. Flow-locked and runaway migration, and a torque prescription}",
      journal = {\mnras},
     keywords = {planets and satellites: dynamical evolution and stability, planet-disc interactions, protoplanetary discs, Astrophysics - Earth and Planetary Astrophysics},
         year = 2018,
        month = jul,
       volume = {477},
       number = {4},
        pages = {4596-4614},
          doi = {10.1093/mnras/sty905},
archivePrefix = {arXiv},
       eprint = {1804.02290},
 primaryClass = {astro-ph.EP},
       adsurl = {https://ui.adsabs.harvard.edu/abs/2018MNRAS.477.4596M},
      adsnote = {Provided by the SAO/NASA Astrophysics Data System}
}


@ARTICLE{ogilvie-lubow-2002,
       author = {{Ogilvie}, G.~I. and {Lubow}, S.~H.},
        title = "{On the wake generated by a planet in a disc}",
      journal = {\mnras},
     keywords = {ACCRETION, ACCRETION DISCS, HYDRODYNAMICS, WAVES, PLANETARY SYSTEMS, accretion, accretion discs, hydrodynamics, waves, planetary systems, Astrophysics},
         year = 2002,
        month = mar,
       volume = {330},
       number = {4},
        pages = {950-954},
          doi = {10.1046/j.1365-8711.2002.05148.x},
archivePrefix = {arXiv},
       eprint = {astro-ph/0111265},
 primaryClass = {astro-ph},
       adsurl = {https://ui.adsabs.harvard.edu/abs/2002MNRAS.330..950O},
      adsnote = {Provided by the SAO/NASA Astrophysics Data System}
}

@ARTICLE{rafikov-2002,
	author = {{Rafikov}, R.~R.},
	title = "{Nonlinear Propagation of Planet-generated Tidal Waves}",
	journal = {\apj},
	keywords = {Stars: Planetary Systems, Planets and Satellites: General, Solar System: Formation, Astrophysics},
	year = 2002,
	month = apr,
	volume = {569},
	number = {2},
	pages = {997-1008},
	doi = {10.1086/339399},
	archivePrefix = {arXiv},
	eprint = {astro-ph/0110496},
	primaryClass = {astro-ph},
	adsurl = {https://ui.adsabs.harvard.edu/abs/2002ApJ...569..997R},
	adsnote = {Provided by the SAO/NASA Astrophysics Data System}
}

@ARTICLE{nelson-etal-2013,
	author = {{Nelson}, Richard P. and {Gressel}, Oliver and {Umurhan}, Orkan M.},
	title = "{Linear and non-linear evolution of the vertical shear instability in accretion discs}",
	journal = {\mnras},
	keywords = {accretion, accretion discs, hydrodynamics, instabilities, methods: analytical, methods: numerical, protoplanetary discs, Astrophysics - Earth and Planetary Astrophysics},
	year = 2013,
	month = nov,
	volume = {435},
	number = {3},
	pages = {2610-2632},
	doi = {10.1093/mnras/stt1475},
	archivePrefix = {arXiv},
	eprint = {1209.2753},
	primaryClass = {astro-ph.EP},
	adsurl = {https://ui.adsabs.harvard.edu/abs/2013MNRAS.435.2610N},
	adsnote = {Provided by the SAO/NASA Astrophysics Data System}
}

@ARTICLE{menou-goodman-2004,
	author = {{Menou}, Kristen and {Goodman}, Jeremy},
	title = "{Low-Mass Protoplanet Migration in T Tauri {\ensuremath{\alpha}}-Disks}",
	journal = {\apj},
	keywords = {Accretion, Accretion Disks, Stars: Planetary Systems: Formation, Stars: Planetary Systems: Protoplanetary Disks, Waves, Astrophysics},
	year = 2004,
	month = may,
	volume = {606},
	number = {1},
	pages = {520-531},
	doi = {10.1086/382947},
	archivePrefix = {arXiv},
	eprint = {astro-ph/0310169},
	primaryClass = {astro-ph},
	adsurl = {https://ui.adsabs.harvard.edu/abs/2004ApJ...606..520M},
	adsnote = {Provided by the SAO/NASA Astrophysics Data System}
}

@ARTICLE{chiang-goldreich-1997,
	author = {{Chiang}, E.~I. and {Goldreich}, P.},
	title = "{Spectral Energy Distributions of T Tauri Stars with Passive Circumstellar Disks}",
	journal = {\apj},
	keywords = {Accretion, Accretion Disks, Stars: Circumstellar Matter, Infrared: Stars, Radiative Transfer, Stars: Pre-Main-Sequence, Astrophysics},
	year = 1997,
	month = nov,
	volume = {490},
	number = {1},
	pages = {368-376},
	doi = {10.1086/304869},
	archivePrefix = {arXiv},
	eprint = {astro-ph/9706042},
	primaryClass = {astro-ph},
	adsurl = {https://ui.adsabs.harvard.edu/abs/1997ApJ...490..368C},
	adsnote = {Provided by the SAO/NASA Astrophysics Data System}
}

@ARTICLE{kley-1989,
	author = {{Kley}, W.},
	title = "{Radiation hydrodynamics of the boundary layer in accretion disks. I - Numerical methods}",
	journal = {\aap},
	keywords = {Accretion Disks, Cataclysmic Variables, Computational Astrophysics, Magnetohydrodynamics, Angular Momentum, Radiation Transport, Viscous Flow, White Dwarf Stars, Astrophysics},
	year = 1989,
	month = jan,
	volume = {208},
	number = {1-2},
	pages = {98-110},
	adsurl = {https://ui.adsabs.harvard.edu/abs/1989A&A...208...98K},
	adsnote = {Provided by the SAO/NASA Astrophysics Data System}
}

@ARTICLE{ziampras-etal-2020a,
	author = {{Ziampras}, Alexandros and {Ataiee}, Sareh and {Kley}, Wilhelm and {Dullemond}, Cornelis P. and {Baruteau}, Cl{\'e}ment},
	title = "{The impact of planet wakes on the location and shape of the water ice line in a protoplanetary disk}",
	journal = {\aap},
	keywords = {protoplanetary disks, planet-disk interactions, planets and satellites: formation, hydrodynamics, Astrophysics - Earth and Planetary Astrophysics},
	year = 2020,
	month = jan,
	volume = {633},
	eid = {A29},
	pages = {A29},
	doi = {10.1051/0004-6361/201936495},
	archivePrefix = {arXiv},
	eprint = {1910.08560},
	primaryClass = {astro-ph.EP},
	adsurl = {https://ui.adsabs.harvard.edu/abs/2020A&A...633A..29Z},
	adsnote = {Provided by the SAO/NASA Astrophysics Data System}
}


@ARTICLE{ziampras-etal-2020b,
	author = {{Ziampras}, Alexandros and {Kley}, Wilhelm and {Dullemond}, Cornelis P.},
	title = "{Importance of radiative effects in gap opening by planets in protoplanetary disks}",
	journal = {\aap},
	keywords = {protoplanetary disks, planet-disk interactions, methods: numerical, Astrophysics - Earth and Planetary Astrophysics},
	year = 2020,
	month = may,
	volume = {637},
	eid = {A50},
	pages = {A50},
	doi = {10.1051/0004-6361/201937048},
	archivePrefix = {arXiv},
	eprint = {2003.02298},
	primaryClass = {astro-ph.EP},
	adsurl = {https://ui.adsabs.harvard.edu/abs/2020A&A...637A..50Z},
	adsnote = {Provided by the SAO/NASA Astrophysics Data System}
}

@ARTICLE{andrews-etal-2018,
	author = {{Andrews}, Sean M. and {Huang}, Jane and {P{\'e}rez}, Laura M. and {Isella}, Andrea and {Dullemond}, Cornelis P. and {Kurtovic}, Nicol{\'a}s T. and {Guzm{\'a}n}, Viviana V. and {Carpenter}, John M. and {Wilner}, David J. and {Zhang}, Shangjia and {Zhu}, Zhaohuan and {Birnstiel}, Tilman and {Bai}, Xue-Ning and {Benisty}, Myriam and {Hughes}, A. Meredith and {{\"O}berg}, Karin I. and {Ricci}, Luca},
	title = "{The Disk Substructures at High Angular Resolution Project (DSHARP). I. Motivation, Sample, Calibration, and Overview}",
	journal = {\apjl},
	keywords = {circumstellar matter, planets and satellites: formation, protoplanetary disks, Astrophysics - Solar and Stellar Astrophysics, Astrophysics - Earth and Planetary Astrophysics},
	year = 2018,
	month = dec,
	volume = {869},
	number = {2},
	eid = {L41},
	pages = {L41},
	doi = {10.3847/2041-8213/aaf741},
	archivePrefix = {arXiv},
	eprint = {1812.04040},
	primaryClass = {astro-ph.SR},
	adsurl = {https://ui.adsabs.harvard.edu/abs/2018ApJ...869L..41A},
	adsnote = {Provided by the SAO/NASA Astrophysics Data System}
}

@ARTICLE{zhang-etal-2018,
	author = {{Zhang}, Shangjia and {Zhu}, Zhaohuan and {Huang}, Jane and {Guzm{\'a}n}, Viviana V. and {Andrews}, Sean M. and {Birnstiel}, Tilman and {Dullemond}, Cornelis P. and {Carpenter}, John M. and {Isella}, Andrea and {P{\'e}rez}, Laura M. and {Benisty}, Myriam and {Wilner}, David J. and {Baruteau}, Cl{\'e}ment and {Bai}, Xue-Ning and {Ricci}, Luca},
	title = "{The Disk Substructures at High Angular Resolution Project (DSHARP). VII. The Planet-Disk Interactions Interpretation}",
	journal = {\apjl},
	keywords = {hydrodynamics, planet{\textendash}disk interactions, planets and satellites: detection, planets and satellites: formation, protoplanetary disks, submillimeter: planetary systems, Astrophysics - Earth and Planetary Astrophysics, Astrophysics - Solar and Stellar Astrophysics},
	year = 2018,
	month = dec,
	volume = {869},
	number = {2},
	eid = {L47},
	pages = {L47},
	doi = {10.3847/2041-8213/aaf744},
	archivePrefix = {arXiv},
	eprint = {1812.04045},
	primaryClass = {astro-ph.EP},
	adsurl = {https://ui.adsabs.harvard.edu/abs/2018ApJ...869L..47Z},
	adsnote = {Provided by the SAO/NASA Astrophysics Data System}
}

@ARTICLE{shakura-sunyaev-1973,
       author = {{Shakura}, N.~I. and {Sunyaev}, R.~A.},
        title = "{Reprint of 1973A\&amp;A....24..337S. Black holes in binary systems. Observational appearance.}",
      journal = {\aap},
         year = "1973",
        month = "Jun",
       volume = {500},
        pages = {33-51},
       adsurl = {https://ui.adsabs.harvard.edu/\#abs/1973A&A....24..337S},
      adsnote = {Provided by the SAO/NASA Astrophysics Data System}
}

@ARTICLE{hubeny-1990,
   author = {{Hubeny}, I.},
    title = "{Vertical structure of accretion disks - A simplified analytical model}",
  journal = {\apj},
 keywords = {Accretion Disks, Astronomical Models, Gray Gas, Stellar Atmospheres, Stellar Mass Accretion, Hydrostatics, Irradiation, Optical Thickness, Thermodynamic Equilibrium, Vertical Distribution, Viscous Damping},
     year = 1990,
    month = mar,
   volume = 351,
    pages = {632-641},
      doi = {10.1086/168501},
   adsurl = {http://adsabs.harvard.edu/abs/1990ApJ...351..632H},
  adsnote = {Provided by the SAO/NASA Astrophysics Data System}
}

@ARTICLE{mignone-etal-2007,
       author = {{Mignone}, A. and {Bodo}, G. and {Massaglia}, S. and {Matsakos}, T. and
         {Tesileanu}, O. and {Zanni}, C. and {Ferrari}, A.},
        title = "{PLUTO: A Numerical Code for Computational Astrophysics}",
      journal = {The Astrophysical Journal Supplement Series},
     keywords = {Hydrodynamics, Methods: Numerical, Magnetohydrodynamics: MHD, Relativity, Shock Waves, Astrophysics},
         year = "2007",
        month = "May",
       volume = {170},
        pages = {228-242},
          doi = {10.1086/513316},
archivePrefix = {arXiv},
       eprint = {astro-ph/0701854},
 primaryClass = {astro-ph},
       adsurl = {https://ui.adsabs.harvard.edu/\#abs/2007ApJS..170..228M},
      adsnote = {Provided by the SAO/NASA Astrophysics Data System}
}

@ARTICLE{masset-2000,
   author = {{Masset}, F.},
    title = "{FARGO: A fast eulerian transport algorithm for differentially rotating disks}",
  journal = {\aaps},
   eprint = {astro-ph/9910390},
 keywords = {ACCRETION, ACCRETION DISKS, HYDRODYNAMICS, METHODS: NUMERICAL},
     year = 2000,
    month = jan,
   volume = 141,
    pages = {165-173},
      doi = {10.1051/aas:2000116},
   adsurl = {http://adsabs.harvard.edu/abs/2000A%26AS..141..165M},
  adsnote = {Provided by the SAO/NASA Astrophysics Data System}
}

@ARTICLE{mignone-etal-2012,
   author = {{Mignone}, A. and {Flock}, M. and {Stute}, M. and {Kolb}, S.~M. and 
	{Muscianisi}, G.},
    title = "{A conservative orbital advection scheme for simulations of magnetized shear flows with the PLUTO code}",
  journal = {\aap},
archivePrefix = "arXiv",
   eprint = {1207.2955},
 primaryClass = "astro-ph.IM",
 keywords = {methods: numerical, accretion, accretion disks, protoplanetary disks, magnetohydrodynamics (MHD), turbulence},
     year = 2012,
    month = sep,
   volume = 545,
      eid = {A152},
    pages = {A152},
      doi = {10.1051/0004-6361/201219557},
   adsurl = {http://adsabs.harvard.edu/abs/2012A%26A...545A.152M},
  adsnote = {Provided by the SAO/NASA Astrophysics Data System}
}


@ARTICLE{devalborro-etal-2006,
	author = {{de Val-Borro}, M. and {Edgar}, R.~G. and {Artymowicz}, P. and 
	{Ciecielag}, P. and {Cresswell}, P. and {D'Angelo}, G. and {Delgado-Donate}, E.~J. and 
	{Dirksen}, G. and {Fromang}, S. and {Gawryszczak}, A. and {Klahr}, H. and 
	{Kley}, W. and {Lyra}, W. and {Masset}, F. and {Mellema}, G. and 
	{Nelson}, R.~P. and {Paardekooper}, S.-J. and {Peplinski}, A. and 
	{Pierens}, A. and {Plewa}, T. and {Rice}, K. and {Sch{\"a}fer}, C. and 
	{Speith}, R.},
	title = "{A comparative study of disc-planet interaction}",
	journal = {\mnras},
	eprint = {astro-ph/0605237},
	keywords = {accretion, accretion discs: hydrodynamics: planets and satellites: general, accretion discs, hydrodynamics, planets and satellites: general},
	year = 2006,
	month = aug,
	volume = 370,
	pages = {529-558},
	doi = {10.1111/j.1365-2966.2006.10488.x},
	adsurl = {http://adsabs.harvard.edu/abs/2006MNRAS.370..529D},
	adsnote = {Provided by the SAO/NASA Astrophysics Data System}
}

@ARTICLE{rafikov-2016,
	author = {{Rafikov}, R.~R.},
	title = "{Protoplanetary Disk Heating and Evolution Driven by Spiral Density Waves}",
	journal = {\apj},
	archivePrefix = "arXiv",
	eprint = {1601.03009},
	primaryClass = "astro-ph.EP",
	keywords = {accretion, accretion disks, planets and satellites: formation, protoplanetary disks },
	year = 2016,
	month = nov,
	volume = 831,
	eid = {122},
	pages = {122},
	doi = {10.3847/0004-637X/831/2/122},
	adsurl = {http://adsabs.harvard.edu/abs/2016ApJ...831..122R},
	adsnote = {Provided by the SAO/NASA Astrophysics Data System}
}

@ARTICLE{toomre-1964,
	author = {{Toomre}, A.},
	title = "{On the gravitational stability of a disk of stars}",
	journal = {\apj},
	year = 1964,
	month = may,
	volume = 139,
	pages = {1217-1238},
	doi = {10.1086/147861},
	adsurl = {http://adsabs.harvard.edu/abs/1964ApJ...139.1217T},
	adsnote = {Provided by the SAO/NASA Astrophysics Data System}
}

@article{lodato-2008,
	title={Self-gravitating accretion discs},
	author={Lodato, Giuseppe},
	journal={arXiv preprint arXiv:0801.3848},
	year={2008}
}

@ARTICLE{keppler-etal-2018,
	author = {{Keppler}, M. and {Benisty}, M. and {M{\"u}ller}, A. and {Henning}, Th. and
	{van Boekel}, R. and {Cantalloube}, F. and {Ginski}, C. and
	{van Holstein}, R.~G. and {Maire}, A. -L. and {Pohl}, A.},
	title = "{Discovery of a planetary-mass companion within the gap of the transition disk around PDS 70}",
	journal = {\aap},
	keywords = {stars: individual: PDS 70, techniques: high angular resolution, protoplanetary disks, scattering, radiative transfer, planets and satellites: detection, Astrophysics - Earth and Planetary Astrophysics},
	year = "2018",
	month = "Sep",
	volume = {617},
	eid = {A44},
	pages = {A44},
	doi = {10.1051/0004-6361/201832957},
	archivePrefix = {arXiv},
	eprint = {1806.11568},
	primaryClass = {astro-ph.EP},
	adsurl = {https://ui.adsabs.harvard.edu/abs/2018A&A...617A..44K},
	adsnote = {Provided by the SAO/NASA Astrophysics Data System}
}

@ARTICLE{kley-nelson-2012,
	author = {{Kley}, W. and {Nelson}, R.~P.},
	title = "{Planet-Disk Interaction and Orbital Evolution}",
	journal = {\araa},
	keywords = {Astrophysics - Earth and Planetary Astrophysics},
	year = "2012",
	month = "Sep",
	volume = {50},
	pages = {211-249},
	doi = {10.1146/annurev-astro-081811-125523},
	archivePrefix = {arXiv},
	eprint = {1203.1184},
	primaryClass = {astro-ph.EP},
	adsurl = {https://ui.adsabs.harvard.edu/abs/2012ARA&A..50..211K},
	adsnote = {Provided by the SAO/NASA Astrophysics Data System}
}

@ARTICLE{flock-etal-2020b,
       author = {{Flock}, Mario and {Turner}, Neal J. and {Nelson}, Richard P. and {Lyra}, Wladimir and {Manger}, Natascha and {Klahr}, Hubert},
        title = "{Gas and Dust Dynamics in Starlight-heated Protoplanetary Disks}",
      journal = {\apj},
     keywords = {1335, 1300, 767, 638, Astrophysics - Earth and Planetary Astrophysics, Astrophysics - Solar and Stellar Astrophysics},
         year = 2020,
        month = jul,
       volume = {897},
       number = {2},
          eid = {155},
        pages = {155},
          doi = {10.3847/1538-4357/ab9641},
archivePrefix = {arXiv},
       eprint = {2005.11974},
 primaryClass = {astro-ph.EP},
       adsurl = {https://ui.adsabs.harvard.edu/abs/2020ApJ...897..155F},
      adsnote = {Provided by the SAO/NASA Astrophysics Data System}
}

@article{vanleer-1974,
	title={Towards the ultimate conservative difference scheme. {II}. {M}onotonicity and conservation combined in a second-order scheme},
	author={Van Leer, Bram},
	journal={Journal of computational physics},
	volume={14},
	number={4},
	pages={361--370},
	year={1974},
	publisher={Elsevier}
}

@ARTICLE{huang-etal-2018,
       author = {{Huang}, Jane and {Andrews}, Sean M. and {Dullemond}, Cornelis P. and {Isella}, Andrea and {P{\'e}rez}, Laura M. and {Guzm{\'a}n}, Viviana V. and {{\"O}berg}, Karin I. and {Zhu}, Zhaohuan and {Zhang}, Shangjia and {Bai}, Xue-Ning and {Benisty}, Myriam and {Birnstiel}, Tilman and {Carpenter}, John M. and {Hughes}, A. Meredith and {Ricci}, Luca and {Weaver}, Erik and {Wilner}, David J.},
        title = "{The Disk Substructures at High Angular Resolution Project (DSHARP). II. Characteristics of Annular Substructures}",
      journal = {\apjl},
     keywords = {planets and satellites: formation, protoplanetary disks, techniques: high angular resolution, Astrophysics - Earth and Planetary Astrophysics, Astrophysics - Astrophysics of Galaxies, Astrophysics - Solar and Stellar Astrophysics},
         year = 2018,
        month = dec,
       volume = {869},
       number = {2},
          eid = {L42},
        pages = {L42},
          doi = {10.3847/2041-8213/aaf740},
archivePrefix = {arXiv},
       eprint = {1812.04041},
 primaryClass = {astro-ph.EP},
       adsurl = {https://ui.adsabs.harvard.edu/abs/2018ApJ...869L..42H},
      adsnote = {Provided by the SAO/NASA Astrophysics Data System}
}

@Misc{petsc-web-page,
	author = {Satish Balay and Shrirang Abhyankar and Mark~F. Adams and Jed Brown and Peter Brune
	and Kris Buschelman and Lisandro Dalcin and Alp Dener and Victor Eijkhout and William~D. Gropp
	and Dinesh Kaushik and Matthew~G. Knepley and Dave~A. May and Lois Curfman McInnes
	and Richard Tran Mills and Todd Munson and Karl Rupp and Patrick Sanan
	and Barry~F. Smith and Stefano Zampini and Hong Zhang and Hong Zhang},
	title =  {{PETS}c {W}eb page},
	url =    {http://www.mcs.anl.gov/petsc},
	howpublished = {\url{http://www.mcs.anl.gov/petsc}},
	year = {2018}
}

@INPROCEEDINGS{lin-papaloizou-1985,
	author = {{Lin}, D.~N.~C. and {Papaloizou}, J.},
	title = "{On the dynamical origin of the solar system}",
	keywords = {Computational Astrophysics, Interplanetary Medium, Protostars, Solar System, Accretion Disks, Angular Momentum, Convection, Density Distribution, Gas Giant Planets, Nebulae, Planetary Evolution, Protoplanets},
	booktitle = {Protostars and Planets II},
	year = 1985,
	editor = {{Black}, D.~C. and {Matthews}, M.~S.},
	pages = {981-1072},
	adsurl = {http://adsabs.harvard.edu/abs/1985prpl.conf..981L},
	adsnote = {Provided by the SAO/NASA Astrophysics Data System}
}

@ARTICLE{bell-lin-1994,
	author = {{Bell}, K.~R. and {Lin}, D.~N.~C.},
	title = "{Using FU Orionis outbursts to constrain self-regulated protostellar disk models}",
	journal = {\apj},
	eprint = {astro-ph/9312015},
	keywords = {Accretion Disks, Ionization, Protostars, Star Formation, Stellar Mass Accretion, Stellar Models, Thermal Stability, Hydrogen Clouds, Radial Flow, Stellar Mass Ejection},
	year = 1994,
	month = jun,
	volume = 427,
	pages = {987-1004},
	doi = {10.1086/174206},
	adsurl = {http://adsabs.harvard.edu/abs/1994ApJ...427..987B},
	adsnote = {Provided by the SAO/NASA Astrophysics Data System}
}

@ARTICLE{semenov-etal-2003,
	author = {{Semenov}, D. and {Henning}, T. and {Helling}, C. and {Ilgner}, M. and 
	{Sedlmayr}, E.},
	title = "{Rosseland and Planck mean opacities for protoplanetary discs}",
	journal = {\aap},
	eprint = {astro-ph/0308344},
	keywords = {accretion, accretion discs, hydrodynamics, atomic processes, molecular processes, stars: planetary systems: protoplanetary discs},
	year = 2003,
	month = nov,
	volume = 410,
	pages = {611-621},
	doi = {10.1051/0004-6361:20031279},
	adsurl = {http://adsabs.harvard.edu/abs/2003A%26A...410..611S},
	adsnote = {Provided by the SAO/NASA Astrophysics Data System}
}

@ARTICLE{birnstiel-etal-2018,
	author = {{Birnstiel}, Tilman and {Dullemond}, Cornelis P. and {Zhu}, Zhaohuan and
	{Andrews}, Sean M. and {Bai}, Xue-Ning and {Wilner}, David J. and
	{Carpenter}, John M. and {Huang}, Jane and {Isella}, Andrea and
	{Benisty}, Myriam and {P{\'e}rez}, Laura M. and {Zhang}, Shangjia},
	title = "{The Disk Substructures at High Angular Resolution Project (DSHARP). V. Interpreting ALMA Maps of Protoplanetary Disks in Terms of a Dust Model}",
	journal = {The Astrophysical Journal},
	keywords = {circumstellar matter, opacity, planets and satellites: formation, protoplanetary disks, scattering, submillimeter: planetary systems, Astrophysics - Solar and Stellar Astrophysics, Astrophysics - Earth and Planetary Astrophysics},
	year = "2018",
	month = "Dec",
	volume = {869},
	number = {2},
	eid = {L45},
	pages = {L45},
	doi = {10.3847/2041-8213/aaf743},
	archivePrefix = {arXiv},
	eprint = {1812.04043},
	primaryClass = {astro-ph.SR},
	adsurl = {https://ui.adsabs.harvard.edu/abs/2018ApJ...869L..45B},
	adsnote = {Provided by the SAO/NASA Astrophysics Data System}
}

@ARTICLE{flock-etal-2017b,
       author = {{Flock}, Mario and {Nelson}, Richard P. and {Turner}, Neal J. and {Bertrang}, Gesa H. -M. and {Carrasco-Gonz{\'a}lez}, Carlos and {Henning}, Thomas and {Lyra}, Wladimir and {Teague}, Richard},
        title = "{Radiation Hydrodynamical Turbulence in Protoplanetary Disks: Numerical Models and Observational Constraints}",
      journal = {\apj},
     keywords = {accretion, accretion disks, hydrodynamics, protoplanetary disks, radiative transfer, turbulence, Astrophysics - Earth and Planetary Astrophysics},
         year = 2017,
        month = dec,
       volume = {850},
       number = {2},
          eid = {131},
        pages = {131},
          doi = {10.3847/1538-4357/aa943f},
archivePrefix = {arXiv},
       eprint = {1710.06007},
 primaryClass = {astro-ph.EP},
       adsurl = {https://ui.adsabs.harvard.edu/abs/2017ApJ...850..131F},
      adsnote = {Provided by the SAO/NASA Astrophysics Data System}
}

@ARTICLE{lin-youdin-2015,
       author = {{Lin}, Min-Kai and {Youdin}, Andrew N.},
        title = "{Cooling Requirements for the Vertical Shear Instability in Protoplanetary Disks}",
      journal = {\apj},
     keywords = {accretion, accretion disks, hydrodynamics, methods: analytical, methods: numerical, protoplanetary disks, Astrophysics - Earth and Planetary Astrophysics},
         year = 2015,
        month = sep,
       volume = {811},
       number = {1},
          eid = {17},
        pages = {17},
          doi = {10.1088/0004-637X/811/1/17},
archivePrefix = {arXiv},
       eprint = {1505.02163},
 primaryClass = {astro-ph.EP},
       adsurl = {https://ui.adsabs.harvard.edu/abs/2015ApJ...811...17L},
      adsnote = {Provided by the SAO/NASA Astrophysics Data System}
}

@ARTICLE{balbus-papaloizou-1999,
       author = {{Balbus}, Steven A. and {Papaloizou}, John C.~B.},
        title = "{On the Dynamical Foundations of {\ensuremath{\alpha}} Disks}",
      journal = {\apj},
     keywords = {ACCRETION, ACCRETION DISKS, HYDRODYNAMICS, INSTABILITIES, TURBULENCE, Accretion, Accretion Disks, Hydrodynamics, Instabilities, Turbulence, Astrophysics},
         year = 1999,
        month = aug,
       volume = {521},
       number = {2},
        pages = {650-658},
          doi = {10.1086/307594},
archivePrefix = {arXiv},
       eprint = {astro-ph/9903035},
 primaryClass = {astro-ph},
       adsurl = {https://ui.adsabs.harvard.edu/abs/1999ApJ...521..650B},
      adsnote = {Provided by the SAO/NASA Astrophysics Data System}
}


@ARTICLE{stoll-kley-2014,
       author = {{Stoll}, Moritz H.~R. and {Kley}, Wilhelm},
        title = "{Vertical shear instability in accretion disc models with radiation transport}",
      journal = {\aap},
     keywords = {hydrodynamics, instabilities, accretion, accretion disks, radiative transfer, Astrophysics - Earth and Planetary Astrophysics},
         year = 2014,
        month = dec,
       volume = {572},
          eid = {A77},
        pages = {A77},
          doi = {10.1051/0004-6361/201424114},
archivePrefix = {arXiv},
       eprint = {1409.8429},
 primaryClass = {astro-ph.EP},
       adsurl = {https://ui.adsabs.harvard.edu/abs/2014A&A...572A..77S},
      adsnote = {Provided by the SAO/NASA Astrophysics Data System}
}

@ARTICLE{stoll-etal-2017a,
       author = {{Stoll}, Moritz H.~R. and {Kley}, Wilhelm and {Picogna}, Giovanni},
        title = "{Anisotropic hydrodynamic turbulence in accretion disks}",
      journal = {\aap},
     keywords = {accretion, accretion disks, turbulence, Astrophysics - Solar and Stellar Astrophysics, Astrophysics - Earth and Planetary Astrophysics},
         year = 2017,
        month = mar,
       volume = {599},
          eid = {L6},
        pages = {L6},
          doi = {10.1051/0004-6361/201630226},
archivePrefix = {arXiv},
       eprint = {1702.00334},
 primaryClass = {astro-ph.SR},
       adsurl = {https://ui.adsabs.harvard.edu/abs/2017A&A...599L...6S},
      adsnote = {Provided by the SAO/NASA Astrophysics Data System}
}

@ARTICLE{stoll-etal-2017b,
       author = {{Stoll}, Moritz H.~R. and {Picogna}, Giovanni and {Kley}, Wilhelm},
        title = "{Planet-disc interaction in laminar and turbulent discs}",
      journal = {\aap},
     keywords = {accretion, accretion disks, turbulence, planet-disk interactions, Astrophysics - Earth and Planetary Astrophysics},
         year = 2017,
        month = jul,
       volume = {604},
          eid = {A28},
        pages = {A28},
          doi = {10.1051/0004-6361/201730668},
archivePrefix = {arXiv},
       eprint = {1706.04354},
 primaryClass = {astro-ph.EP},
       adsurl = {https://ui.adsabs.harvard.edu/abs/2017A&A...604A..28S},
      adsnote = {Provided by the SAO/NASA Astrophysics Data System}
}



@ARTICLE{zhang-zhu-2020,
       author = {{Zhang}, Shangjia and {Zhu}, Zhaohuan},
        title = "{The effects of disc self-gravity and radiative cooling on the formation of gaps and spirals by young planets}",
      journal = {\mnras},
     keywords = {hydrodynamics, waves, planet-disc interactions, protoplanetary discs, Astrophysics - Earth and Planetary Astrophysics, Astrophysics - Astrophysics of Galaxies, Astrophysics - Solar and Stellar Astrophysics},
         year = 2020,
        month = apr,
       volume = {493},
       number = {2},
        pages = {2287-2305},
          doi = {10.1093/mnras/staa404},
archivePrefix = {arXiv},
       eprint = {1911.01530},
 primaryClass = {astro-ph.EP},
       adsurl = {https://ui.adsabs.harvard.edu/abs/2020MNRAS.493.2287Z},
      adsnote = {Provided by the SAO/NASA Astrophysics Data System}
}

@ARTICLE{miranda-rafikov-2019,
       author = {{Miranda}, Ryan and {Rafikov}, Roman R.},
        title = "{On the Planetary Interpretation of Multiple Gaps and Rings in Protoplanetary Disks Seen By ALMA}",
      journal = {\apjl},
     keywords = {hydrodynamics, planet{\textendash}disk interactions, protoplanetary disks, submillimeter: planetary systems, waves, Astrophysics - Earth and Planetary Astrophysics},
         year = 2019,
        month = jun,
       volume = {878},
       number = {1},
          eid = {L9},
        pages = {L9},
          doi = {10.3847/2041-8213/ab22a7},
archivePrefix = {arXiv},
       eprint = {1905.08259},
 primaryClass = {astro-ph.EP},
       adsurl = {https://ui.adsabs.harvard.edu/abs/2019ApJ...878L...9M},
      adsnote = {Provided by the SAO/NASA Astrophysics Data System}
}

@ARTICLE{miranda-rafikov-2020a,
       author = {{Miranda}, Ryan and {Rafikov}, Roman R.},
        title = "{ Planet-Disk Interaction in Disks with Cooling: Basic Theory}",
      journal = {\apj},
     keywords = {1300, 1241, 1963, Astrophysics - Earth and Planetary Astrophysics},
         year = 2020,
        month = mar,
       volume = {892},
       number = {1},
          eid = {65},
        pages = {65},
          doi = {10.3847/1538-4357/ab791a},
archivePrefix = {arXiv},
       eprint = {1911.01428},
 primaryClass = {astro-ph.EP},
       adsurl = {https://ui.adsabs.harvard.edu/abs/2020ApJ...892...65M},
      adsnote = {Provided by the SAO/NASA Astrophysics Data System}
}

@ARTICLE{miranda-rafikov-2020b,
       author = {{Miranda}, Ryan and {Rafikov}, Roman R.},
        title = "{Gaps and Rings in Protoplanetary Disks with Realistic Thermodynamics: The Critical Role of In-plane Radiation Transport}",
      journal = {\apj},
     keywords = {Protoplanetary disks, Planet formation, Hydrodynamics, 1300, 1241, 1963, Astrophysics - Earth and Planetary Astrophysics},
         year = 2020,
        month = dec,
       volume = {904},
       number = {2},
          eid = {121},
        pages = {121},
          doi = {10.3847/1538-4357/abbee7},
archivePrefix = {arXiv},
       eprint = {2007.13766},
 primaryClass = {astro-ph.EP},
       adsurl = {https://ui.adsabs.harvard.edu/abs/2020ApJ...904..121M},
      adsnote = {Provided by the SAO/NASA Astrophysics Data System}
}

@article{fung-ono-2021,
	author = {{Fung}, Jeffrey and {Ono}, Tomohiro},
	title = "{Cooling-Induced Vortex Decay in Keplerian Disks}",
	journal = {arXiv e-prints},
	keywords = {Astrophysics - Earth and Planetary Astrophysics},
	year = 2021,
	month = aug,
	eid = {arXiv:2108.06345},
	pages = {arXiv:2108.06345},
	archivePrefix = {arXiv},
	eprint = {2108.06345},
	primaryClass = {astro-ph.EP},
	adsurl = {https://ui.adsabs.harvard.edu/abs/2021arXiv210806345F},
	adsnote = {Provided by the SAO/NASA Astrophysics Data System},
}

@ARTICLE{rodenkirch-etal-2021,
       author = {{Rodenkirch}, P.~J. and {Rometsch}, T. and {Dullemond}, C.~P. and {Weber}, P. and {Kley}, W.},
        title = "{Modeling the nonaxisymmetric structure in the HD 163296 disk with planet-disk interaction}",
      journal = {\aap},
     keywords = {protoplanetary disks, planet-disk interactions, planets and satellites: formation, planets and satellites: rings, hydrodynamics, radiative transfer, Astrophysics - Earth and Planetary Astrophysics},
         year = 2021,
        month = mar,
       volume = {647},
          eid = {A174},
        pages = {A174},
          doi = {10.1051/0004-6361/202038484},
archivePrefix = {arXiv},
       eprint = {2012.09217},
 primaryClass = {astro-ph.EP},
       adsurl = {https://ui.adsabs.harvard.edu/abs/2021A&A...647A.174R},
      adsnote = {Provided by the SAO/NASA Astrophysics Data System}
}

@ARTICLE{rometsch-etal-2021,
	author = {{Rometsch}, T. and {Ziampras}, A. and {Kley}, W. and {B\'ethune}, W.},
	title = "{Survival of planet-induced vortices in 2D disks}",
	journal = {\aap},
	keywords = {protoplanetary disks -- planet--disk interaction -- hydrodynamics -- methods: numerical},
	year = 2021,
	month = dec,
	volume = {None},
	eid = {None},
	pages = {None},
	doi = {None},
	archivePrefix = {arXiv},
	eprint = {None},
	primaryClass = {astro-ph.EP},
	adsurl = {None},
	adsnote = {Provided by the SAO/NASA Astrophysics Data System}
}

@article{lovelace-1999,
	title = {Rossby {Wave} {Instability} of {Keplerian} {Accretion} {Disks}},
	volume = {513},
	issn = {0004-637X},
	url = {http://adsabs.harvard.edu/abs/1999ApJ...513..805L},
	doi = {10.1086/306900},
	urldate = {2021-02-08},
	journal = {\apj},
	author = {Lovelace, R. V. E. and Li, H. and Colgate, S. A. and Nelson, A. F.},
	month = mar,
	year = {1999},
	keywords = {Accretion, ACCRETION, Accretion Disks, ACCRETION DISKS, Hydrodynamics, HYDRODYNAMICS, Instabilities, INSTABILITIES, Waves, WAVES},
	pages = {805--810}
}

@ARTICLE{barraza-etal-2021,
	author = {{Barraza-Alfaro}, Marcelo and {Flock}, Mario and {Marino}, Sebastian and {P{\'e}rez}, Sebasti{\'a}n},
	title = "{Observability of the Vertical Shear Instability in protoplanetary disk CO kinematics}",
	journal = {arXiv e-prints},
	keywords = {Astrophysics - Earth and Planetary Astrophysics},
	year = 2021,
	month = jun,
	eid = {arXiv:2106.01159},
	pages = {arXiv:2106.01159},
	archivePrefix = {arXiv},
	eprint = {2106.01159},
	primaryClass = {astro-ph.EP},
	adsurl = {https://ui.adsabs.harvard.edu/abs/2021arXiv210601159B},
	adsnote = {Provided by the SAO/NASA Astrophysics Data System}
}

@ARTICLE{urpin-brandenburg-1998,
	author = {{Urpin}, V. and {Brandenburg}, A.},
	title = "{Magnetic and vertical shear instabilities in accretion discs}",
	journal = {\mnras},
	keywords = {Accretion Disks, Magnetohydrodynamic Stability, Interstellar Magnetic Fields, Angular Velocity, Boussinesq Approximation, Protoplanets, Vertical Orientation, Linear Equations, Magnetoacoustic Waves, Astrophysics, ACCRETION, ACCRETION DISCS, INSTABILITIES, MAGNETIC FIELDS, MHD},
	year = 1998,
	month = mar,
	volume = {294},
	number = {3},
	pages = {399-406},
	doi = {10.1046/j.1365-8711.1998.01118.x},
	adsurl = {https://ui.adsabs.harvard.edu/abs/1998MNRAS.294..399U},
	adsnote = {Provided by the SAO/NASA Astrophysics Data System}
}

@ARTICLE{goldreich-schubert-1967,
	author = {{Goldreich}, Peter and {Schubert}, Gerald},
	title = "{Differential Rotation in Stars}",
	journal = {\apj},
	year = 1967,
	month = nov,
	volume = {150},
	pages = {571},
	doi = {10.1086/149360},
	adsurl = {https://ui.adsabs.harvard.edu/abs/1967ApJ...150..571G},
	adsnote = {Provided by the SAO/NASA Astrophysics Data System}
}

@ARTICLE{fricke-1968,
	author = {{Fricke}, K.},
	title = "{Instabilit{\"a}t station{\"a}rer Rotation in Sternen}",
	journal = {\zap},
	year = 1968,
	month = jan,
	volume = {68},
	pages = {317},
	adsurl = {https://ui.adsabs.harvard.edu/abs/1968ZA.....68..317F},
	adsnote = {Provided by the SAO/NASA Astrophysics Data System}
}

@ARTICLE{pfeil-klahr-2021,
	author = {{Pfeil}, Thomas and {Klahr}, Hubert},
	title = "{The Sandwich Mode for Vertical Shear Instability in Protoplanetary Disks}",
	journal = {\apj},
	keywords = {Protoplanetary disks, Hydrodynamical simulations, Accretion, Planet formation, 1300, 767, 14, 1241},
	year = 2021,
	month = jul,
	volume = {915},
	number = {2},
	eid = {130},
	pages = {130},
	doi = {10.3847/1538-4357/ac0054},
	adsurl = {https://ui.adsabs.harvard.edu/abs/2021ApJ...915..130P},
	adsnote = {Provided by the SAO/NASA Astrophysics Data System}
}

@ARTICLE{dullemond-etal-2018,
	author = {{Dullemond}, Cornelis P. and {Birnstiel}, Tilman and {Huang}, Jane and {Kurtovic}, Nicol{\'a}s T. and {Andrews}, Sean M. and {Guzm{\'a}n}, Viviana V. and {P{\'e}rez}, Laura M. and {Isella}, Andrea and {Zhu}, Zhaohuan and {Benisty}, Myriam and {Wilner}, David J. and {Bai}, Xue-Ning and {Carpenter}, John M. and {Zhang}, Shangjia and {Ricci}, Luca},
	title = "{The Disk Substructures at High Angular Resolution Project (DSHARP). VI. Dust Trapping in Thin-ringed Protoplanetary Disks}",
	journal = {\apjl},
	keywords = {protoplanetary disks, Astrophysics - Earth and Planetary Astrophysics, Astrophysics - Solar and Stellar Astrophysics},
	year = 2018,
	month = dec,
	volume = {869},
	number = {2},
	eid = {L46},
	pages = {L46},
	doi = {10.3847/2041-8213/aaf742},
	archivePrefix = {arXiv},
	eprint = {1812.04044},
	primaryClass = {astro-ph.EP},
	adsurl = {https://ui.adsabs.harvard.edu/abs/2018ApJ...869L..46D},
	adsnote = {Provided by the SAO/NASA Astrophysics Data System}
}

@ARTICLE{cui-bai-2020,
	author = {{Cui}, Can and {Bai}, Xue-Ning},
	title = "{Global Simulations of the Vertical Shear Instability with Nonideal Magnetohydrodynamic Effects}",
	journal = {\apj},
	keywords = {1300, 1964, 101, Astrophysics - Earth and Planetary Astrophysics, Astrophysics - Solar and Stellar Astrophysics},
	year = 2020,
	month = mar,
	volume = {891},
	number = {1},
	eid = {30},
	pages = {30},
	doi = {10.3847/1538-4357/ab7194},
	archivePrefix = {arXiv},
	eprint = {1912.02941},
	primaryClass = {astro-ph.EP},
	adsurl = {https://ui.adsabs.harvard.edu/abs/2020ApJ...891...30C},
	adsnote = {Provided by the SAO/NASA Astrophysics Data System}
}

@ARTICLE{isella-etal-2018,
	author = {{Isella}, Andrea and {Huang}, Jane and {Andrews}, Sean M. and {Dullemond}, Cornelis P. and {Birnstiel}, Tilman and {Zhang}, Shangjia and {Zhu}, Zhaohuan and {Guzm{\'a}n}, Viviana V. and {P{\'e}rez}, Laura M. and {Bai}, Xue-Ning and {Benisty}, Myriam and {Carpenter}, John M. and {Ricci}, Luca and {Wilner}, David J.},
	title = "{The Disk Substructures at High Angular Resolution Project (DSHARP). IX. A High-definition Study of the HD 163296 Planet-forming Disk}",
	journal = {\apjl},
	keywords = {planet{\textendash}disk interactions, protoplanetary disks, techniques: interferometric, Astrophysics - Solar and Stellar Astrophysics, Astrophysics - Earth and Planetary Astrophysics},
	year = 2018,
	month = dec,
	volume = {869},
	number = {2},
	eid = {L49},
	pages = {L49},
	doi = {10.3847/2041-8213/aaf747},
	archivePrefix = {arXiv},
	eprint = {1812.04047},
	primaryClass = {astro-ph.SR},
	adsurl = {https://ui.adsabs.harvard.edu/abs/2018ApJ...869L..49I},
	adsnote = {Provided by the SAO/NASA Astrophysics Data System}
}

@BOOK{tassoul-1978,
	author = {{Tassoul}, Jean-Louis},
	title = "{Theory of rotating stars}",
	year = 1978,
	adsurl = {https://ui.adsabs.harvard.edu/abs/1978trs..book.....T},
	adsnote = {Provided by the SAO/NASA Astrophysics Data System}
}

@ARTICLE{kolb-etal-2013,
	author = {{Kolb}, Stefan M. and {Stute}, Matthias and {Kley}, Wilhelm and {Mignone}, Andrea},
	title = "{Radiation hydrodynamics integrated in the PLUTO code}",
	journal = {\aap},
	keywords = {radiative transfer, hydrodynamics, accretion, accretion disks, Astrophysics - Earth and Planetary Astrophysics},
	year = 2013,
	month = nov,
	volume = {559},
	eid = {A80},
	pages = {A80},
	doi = {10.1051/0004-6361/201321499},
	archivePrefix = {arXiv},
	eprint = {1309.5231},
	primaryClass = {astro-ph.EP},
	adsurl = {https://ui.adsabs.harvard.edu/abs/2013A&A...559A..80K},
	adsnote = {Provided by the SAO/NASA Astrophysics Data System}
}

@ARTICLE{levermore-pomraning-1981,
	author = {{Levermore}, C.~D. and {Pomraning}, G.~C.},
	title = "{A flux-limited diffusion theory}",
	journal = {\apj},
	keywords = {Diffusion Theory, Radiant Flux Density, Radiative Transfer, Transport Theory, Boltzmann Transport Equation, Boundary Value Problems, Diffusion Coefficient, Gaseous Diffusion, Physics (General)},
	year = 1981,
	month = aug,
	volume = {248},
	pages = {321-334},
	doi = {10.1086/159157},
	adsurl = {https://ui.adsabs.harvard.edu/abs/1981ApJ...248..321L},
	adsnote = {Provided by the SAO/NASA Astrophysics Data System}
}


@ARTICLE{rab-etal-2016,
	author = {{Rab}, Christian and {Baldovin-Saavedra}, Carla and {Dionatos}, Odysseas and {Vorobyov}, Eduard and {G{\"u}del}, Manuel},
	title = "{The Gas Disk: Evolution and Chemistry}",
	journal = {\ssr},
	keywords = {Stars: pre-main sequence, Stars: formation, Protoplanetary disks, Accretion, accretion disks, Planet-disk interactions, ISM: jets and outflow, Astrochemistry, Astrophysics - Earth and Planetary Astrophysics, Astrophysics - Astrophysics of Galaxies, Astrophysics - Solar and Stellar Astrophysics},
	year = 2016,
	month = dec,
	volume = {205},
	number = {1-4},
	pages = {3-40},
	doi = {10.1007/s11214-016-0325-5},
	archivePrefix = {arXiv},
	eprint = {1611.09658},
	primaryClass = {astro-ph.EP},
	adsurl = {https://ui.adsabs.harvard.edu/abs/2016SSRv..205....3R},
	adsnote = {Provided by the SAO/NASA Astrophysics Data System}
}

@ARTICLE{molyarova-etal-2017,
	author = {{Molyarova}, Tamara and {Akimkin}, Vitaly and {Semenov}, Dmitry and {Henning}, Thomas and {Vasyunin}, Anton and {Wiebe}, Dmitri},
	title = "{Gas Mass Tracers in Protoplanetary Disks: CO is Still the Best}",
	journal = {\apj},
	keywords = {astrochemistry, circumstellar matter, protoplanetary disks, Astrophysics - Earth and Planetary Astrophysics, Astrophysics - Astrophysics of Galaxies, Astrophysics - Solar and Stellar Astrophysics},
	year = 2017,
	month = nov,
	volume = {849},
	number = {2},
	eid = {130},
	pages = {130},
	doi = {10.3847/1538-4357/aa9227},
	archivePrefix = {arXiv},
	eprint = {1710.02993},
	primaryClass = {astro-ph.EP},
	adsurl = {https://ui.adsabs.harvard.edu/abs/2017ApJ...849..130M},
	adsnote = {Provided by the SAO/NASA Astrophysics Data System}
}

@ARTICLE{huang-etal-2018b,
	author = {{Huang}, Jane and {Andrews}, Sean M. and {P{\'e}rez}, Laura M. and {Zhu}, Zhaohuan and {Dullemond}, Cornelis P. and {Isella}, Andrea and {Benisty}, Myriam and {Bai}, Xue-Ning and {Birnstiel}, Tilman and {Carpenter}, John M. and {Guzm{\'a}n}, Viviana V. and {Hughes}, A. Meredith and {{\"O}berg}, Karin I. and {Ricci}, Luca and {Wilner}, David J. and {Zhang}, Shangjia},
	title = "{The Disk Substructures at High Angular Resolution Project (DSHARP). III. Spiral Structures in the Millimeter Continuum of the Elias 27, IM Lup, and WaOph 6 Disks}",
	journal = {\apjl},
	keywords = {dust, extinction, protoplanetary disks, techniques: high angular resolution, Astrophysics - Solar and Stellar Astrophysics, Astrophysics - Earth and Planetary Astrophysics, Astrophysics - Astrophysics of Galaxies},
	year = 2018,
	month = dec,
	volume = {869},
	number = {2},
	eid = {L43},
	pages = {L43},
	doi = {10.3847/2041-8213/aaf7a0},
	archivePrefix = {arXiv},
	eprint = {1812.04193},
	primaryClass = {astro-ph.SR},
	adsurl = {https://ui.adsabs.harvard.edu/abs/2018ApJ...869L..43H},
	adsnote = {Provided by the SAO/NASA Astrophysics Data System}
}

@ARTICLE{zhu-etal-2015,
	author = {{Zhu}, Zhaohuan and {Dong}, Ruobing and {Stone}, James M. and {Rafikov}, Roman R.},
	title = "{The Structure of Spiral Shocks Excited by Planetary-mass Companions}",
	journal = {\apj},
	keywords = {accretion, accretion disks, planet{\textendash}disk interactions, protoplanetary disks, stars: protostars, Astrophysics - Solar and Stellar Astrophysics, Astrophysics - Earth and Planetary Astrophysics},
	year = 2015,
	month = nov,
	volume = {813},
	number = {2},
	eid = {88},
	pages = {88},
	doi = {10.1088/0004-637X/813/2/88},
	archivePrefix = {arXiv},
	eprint = {1507.03599},
	primaryClass = {astro-ph.SR},
	adsurl = {https://ui.adsabs.harvard.edu/abs/2015ApJ...813...88Z},
	adsnote = {Provided by the SAO/NASA Astrophysics Data System}
}

@article{alexiades-etal-1996,
	title={Super-time-stepping acceleration of explicit schemes for parabolic problems},
	author={Alexiades, Vasilios and Amiez, Genevi{\'e}ve and Gremaud, Pierre-Alain},
	journal={Communications in numerical methods in engineering},
	volume={12},
	number={1},
	pages={31--42},
	year={1996},
	publisher={Wiley Online Library}
}

@article{balbus-hawley-1991,
	author = {{Balbus}, Steven A. and {Hawley}, John F.},
	title = "{A Powerful Local Shear Instability in Weakly Magnetized Disks. I.
	Linear Analysis}",
	journal = {\apj},
	keywords = {Accretion Disks, Magnetohydrodynamic Stability, Stellar Magnetic
	Fields, Stellar Mass Accretion, Boussinesq Approximation,
	Computational Astrophysics, Linear Systems, Astrophysics,
	ACCRETION, HYDRODYNAMICS, HYDROMAGNETICS, INSTABILITIES},
	year = 1991,
	month = jul,
	volume = {376},
	pages = {214},
	doi = {10.1086/170270},
	adsurl = {https://ui.adsabs.harvard.edu/abs/1991ApJ...376..214B},
	adsnote = {Provided by the SAO/NASA Astrophysics Data System},
}

@ARTICLE{manger-etal-2020,
	author = {{Manger}, Natascha and {Klahr}, Hubert and {Kley}, Wilhelm and {Flock}, Mario},
	title = "{High resolution parameter study of the vertical shear instability}",
	journal = {\mnras},
	keywords = {hydrodynamics, turbulence, planets and satellites: formation, protoplanetary discs, Astrophysics - Earth and Planetary Astrophysics},
	year = 2020,
	month = dec,
	volume = {499},
	number = {2},
	pages = {1841-1853},
	doi = {10.1093/mnras/staa2943},
	archivePrefix = {arXiv},
	eprint = {2008.09006},
	primaryClass = {astro-ph.EP},
	adsurl = {https://ui.adsabs.harvard.edu/abs/2020MNRAS.499.1841M},
	adsnote = {Provided by the SAO/NASA Astrophysics Data System}
}

@ARTICLE{manger-klahr-2018,
	author = {{Manger}, Natascha and {Klahr}, Hubert},
	title = "{Vortex formation and survival in protoplanetary discs subject to vertical shear instability}",
	journal = {\mnras},
	keywords = {hydrodynamics, turbulence, planets and satellites: formation, protoplanetary discs, Astrophysics - Earth and Planetary Astrophysics},
	year = 2018,
	month = oct,
	volume = {480},
	number = {2},
	pages = {2125-2136},
	doi = {10.1093/mnras/sty1909},
	archivePrefix = {arXiv},
	eprint = {1807.06492},
	primaryClass = {astro-ph.EP},
	adsurl = {https://ui.adsabs.harvard.edu/abs/2018MNRAS.480.2125M},
	adsnote = {Provided by the SAO/NASA Astrophysics Data System}
}

@ARTICLE{thun-kley-2018,
	author = {{Thun}, Daniel and {Kley}, Wilhelm},
	title = "{Migration of planets in circumbinary discs}",
	journal = {\aap},
	keywords = {hydrodynamics, methods: numerical, planets and satellites: formation, protoplanetary disks, binaries: close, Astrophysics - Earth and Planetary Astrophysics},
	year = 2018,
	month = aug,
	volume = {616},
	eid = {A47},
	pages = {A47},
	doi = {10.1051/0004-6361/201832804},
	archivePrefix = {arXiv},
	eprint = {1806.00314},
	primaryClass = {astro-ph.EP},
	adsurl = {https://ui.adsabs.harvard.edu/abs/2018A&A...616A..47T},
	adsnote = {Provided by the SAO/NASA Astrophysics Data System}
}

@ARTICLE{klahr-kley-2006,
	author = {{Klahr}, H. and {Kley}, W.},
	title = "{3D-radiation hydro simulations of disk-planet interactions. I. Numerical algorithm and test cases}",
	journal = {\aap},
	keywords = {accretion, accretion disks, hydrodynamics, solar system: formation, radiative transfer, planets and satellites: formation, Astrophysics},
	year = 2006,
	month = jan,
	volume = {445},
	number = {2},
	pages = {747-758},
	doi = {10.1051/0004-6361:20053238},
	archivePrefix = {arXiv},
	eprint = {astro-ph/0510391},
	primaryClass = {astro-ph},
	adsurl = {https://ui.adsabs.harvard.edu/abs/2006A&A...445..747K},
	adsnote = {Provided by the SAO/NASA Astrophysics Data System}
}

@ARTICLE{mueller-etal-2012,
	author = {{M{\"u}ller}, T.~W.~A. and {Kley}, W. and {Meru}, F.},
	title = "{Treating gravity in thin-disk simulations}",
	journal = {\aap},
	keywords = {accretion, accretion disks, planets and satellites: formation, hydrodynamics, methods: numerical, protoplanetary disks, Astrophysics - Earth and Planetary Astrophysics},
	year = 2012,
	month = may,
	volume = {541},
	eid = {A123},
	pages = {A123},
	doi = {10.1051/0004-6361/201118737},
	archivePrefix = {arXiv},
	eprint = {1203.1413},
	primaryClass = {astro-ph.EP},
	adsurl = {https://ui.adsabs.harvard.edu/abs/2012A&A...541A.123M},
	adsnote = {Provided by the SAO/NASA Astrophysics Data System}
}

@ARTICLE{teague-etal-2018,
	author = {{Teague}, Richard and {Bae}, Jaehan and {Bergin}, Edwin A. and {Birnstiel}, Tilman and {Foreman-Mackey}, Daniel},
	title = "{A Kinematical Detection of Two Embedded Jupiter-mass Planets in HD 163296}",
	journal = {\apjl},
	keywords = {hydrodynamics, planet{\textendash}disk interactions, protoplanetary disks, techniques: interferometric, Astrophysics - Earth and Planetary Astrophysics},
	year = 2018,
	month = jun,
	volume = {860},
	number = {1},
	eid = {L12},
	pages = {L12},
	doi = {10.3847/2041-8213/aac6d7},
	archivePrefix = {arXiv},
	eprint = {1805.10290},
	primaryClass = {astro-ph.EP},
	adsurl = {https://ui.adsabs.harvard.edu/abs/2018ApJ...860L..12T},
	adsnote = {Provided by the SAO/NASA Astrophysics Data System}
}

@ARTICLE{gammie-1996,
	author = {{Gammie}, Charles F.},
	title = "{Layered Accretion in T Tauri Disks}",
	journal = {\apj},
	keywords = {ACCRETION, ACCRETION DISKS, STARS: MAGNETIC FIELDS, STARS: PRE-MAIN-SEQUENCE},
	year = 1996,
	month = jan,
	volume = {457},
	pages = {355},
	doi = {10.1086/176735},
	adsurl = {https://ui.adsabs.harvard.edu/abs/1996ApJ...457..355G},
	adsnote = {Provided by the SAO/NASA Astrophysics Data System}
}

@ARTICLE{hawley-etal-1995,
	author = {{Hawley}, John F. and {Gammie}, Charles F. and {Balbus}, Steven A.},
	title = "{Local Three-dimensional Magnetohydrodynamic Simulations of Accretion Disks}",
	journal = {\apj},
	keywords = {ACCRETION, ACCRETION DISKS, INSTABILITIES, MAGNETOHYDRODYNAMICS: MHD},
	year = 1995,
	month = feb,
	volume = {440},
	pages = {742},
	doi = {10.1086/175311},
	adsurl = {https://ui.adsabs.harvard.edu/abs/1995ApJ...440..742H},
	adsnote = {Provided by the SAO/NASA Astrophysics Data System}
}

@ARTICLE{wardle-1999,
	author = {{Wardle}, Mark},
	title = "{The Balbus-Hawley instability in weakly ionized discs}",
	journal = {\mnras},
	keywords = {Astrophysics},
	year = 1999,
	month = aug,
	volume = {307},
	number = {4},
	pages = {849-856},
	doi = {10.1046/j.1365-8711.1999.02670.x},
	archivePrefix = {arXiv},
	eprint = {astro-ph/9809349},
	primaryClass = {astro-ph},
	adsurl = {https://ui.adsabs.harvard.edu/abs/1999MNRAS.307..849W},
	adsnote = {Provided by the SAO/NASA Astrophysics Data System}
}

@ARTICLE{haisch-etal-2001,
	author = {{Haisch}, Karl E., Jr. and {Lada}, Elizabeth A. and {Lada}, Charles J.},
	title = "{Disk Frequencies and Lifetimes in Young Clusters}",
	journal = {\apjl},
	keywords = {Infrared: Stars, Galaxy: Open Clusters and Associations: General, Stars: Planetary Systems: Protoplanetary Disks, Stars: Formation, Astrophysics},
	year = 2001,
	month = jun,
	volume = {553},
	number = {2},
	pages = {L153-L156},
	doi = {10.1086/320685},
	archivePrefix = {arXiv},
	eprint = {astro-ph/0104347},
	primaryClass = {astro-ph},
	adsurl = {https://ui.adsabs.harvard.edu/abs/2001ApJ...553L.153H},
	adsnote = {Provided by the SAO/NASA Astrophysics Data System}
}

@ARTICLE{ribas-etal-2014,
	author = {{Ribas}, {\'A}lvaro and {Mer{\'\i}n}, Bruno and {Bouy}, Herv{\'e} and {Maud}, Luke T.},
	title = "{Disk evolution in the solar neighborhood. I. Disk frequencies from 1 to 100 Myr}",
	journal = {\aap},
	keywords = {protoplanetary disks, stars: formation, planetary systems, stars: pre-main sequence, Astrophysics - Solar and Stellar Astrophysics},
	year = 2014,
	month = jan,
	volume = {561},
	eid = {A54},
	pages = {A54},
	doi = {10.1051/0004-6361/201322597},
	archivePrefix = {arXiv},
	eprint = {1312.0609},
	primaryClass = {astro-ph.SR},
	adsurl = {https://ui.adsabs.harvard.edu/abs/2014A&A...561A..54R},
	adsnote = {Provided by the SAO/NASA Astrophysics Data System}
}

@INPROCEEDINGS{lin-papaloizou-1993,
	author = {{Lin}, D.~N.~C. and {Papaloizou}, J.~C.~B.},
	title = "{On the Tidal Interaction Between Protostellar Disks and Companions}",
	keywords = {Accretion Disks, Angular Momentum, Binary Stars, Energy Transfer, Protoplanets, Protostars, Mass Ratios, Stellar Models, Stellar Orbits, Tides, Astrophysics},
	booktitle = {Protostars and Planets III},
	year = 1993,
	editor = {{Levy}, Eugene H. and {Lunine}, Jonathan I.},
	month = jan,
	pages = {749},
	adsurl = {https://ui.adsabs.harvard.edu/abs/1993prpl.conf..749L},
	adsnote = {Provided by the SAO/NASA Astrophysics Data System}
}

@ARTICLE{paardekooper-etal-2010,
	author = {{Paardekooper}, Sijme-Jan and {Lesur}, Geoffroy and {Papaloizou}, John C.~B.},
	title = "{Vortex Migration in Protoplanetary Disks}",
	journal = {\apj},
	keywords = {accretion, accretion disks, hydrodynamics, planets and satellites: formation, waves, Astrophysics - Earth and Planetary Astrophysics},
	year = 2010,
	month = dec,
	volume = {725},
	number = {1},
	pages = {146-158},
	doi = {10.1088/0004-637X/725/1/146},
	archivePrefix = {arXiv},
	eprint = {1009.5197},
	primaryClass = {astro-ph.EP},
	adsurl = {https://ui.adsabs.harvard.edu/abs/2010ApJ...725..146P},
	adsnote = {Provided by the SAO/NASA Astrophysics Data System}
}

@BOOK{armitage-2009,
	author = {{Armitage}, Philip J.},
	title = "{Astrophysics of Planet Formation}",
	year = 2009,
	adsurl = {https://ui.adsabs.harvard.edu/abs/2009apf..book.....A},
	adsnote = {Provided by the SAO/NASA Astrophysics Data System}
}

@ARTICLE{harten-1983,
	author = {{Harten}, Ami},
	title = "{High Resolution Schemes for Hyperbolic Conservation Laws}",
	journal = {Journal of Computational Physics},
	year = 1983,
	month = mar,
	volume = {49},
	number = {3},
	pages = {357-393},
	doi = {10.1016/0021-9991(83)90136-5},
	adsurl = {https://ui.adsabs.harvard.edu/abs/1983JCoPh..49..357H},
	adsnote = {Provided by the SAO/NASA Astrophysics Data System}
}


@article{toro-etal-1994,
	title={Restoration of the contact surface in the {HLL}-{R}iemann solver},
	author={Toro, Eleuterio F and Spruce, Michael and Speares, William},
	journal={Shock waves},
	volume={4},
	number={1},
	pages={25--34},
	year={1994},
	publisher={Springer}
}

@ARTICLE{stoll-kley-2016,
	author = {{Stoll}, Moritz H.~R. and {Kley}, Wilhelm},
	title = "{Particle dynamics in discs with turbulence generated by the vertical shear instability}",
	journal = {\aap},
	keywords = {instabilities, hydrodynamics, accretion, accretion disks, radiative transfer, Astrophysics - Earth and Planetary Astrophysics},
	year = 2016,
	month = oct,
	volume = {594},
	eid = {A57},
	pages = {A57},
	doi = {10.1051/0004-6361/201527716},
	archivePrefix = {arXiv},
	eprint = {1607.02322},
	primaryClass = {astro-ph.EP},
	adsurl = {https://ui.adsabs.harvard.edu/abs/2016A&A...594A..57S},
	adsnote = {Provided by the SAO/NASA Astrophysics Data System}
}


@ARTICLE{youdin-goodman-2005,
	author = {{Youdin}, Andrew N. and {Goodman}, Jeremy},
	title = "{Streaming Instabilities in Protoplanetary Disks}",
	journal = {\apj},
	keywords = {Hydrodynamics, Instabilities, Stars: Planetary Systems: Formation, Stars: Planetary Systems: Protoplanetary Disks, Astrophysics},
	year = 2005,
	month = feb,
	volume = {620},
	number = {1},
	pages = {459-469},
	doi = {10.1086/426895},
	archivePrefix = {arXiv},
	eprint = {astro-ph/0409263},
	primaryClass = {astro-ph},
	adsurl = {https://ui.adsabs.harvard.edu/abs/2005ApJ...620..459Y},
	adsnote = {Provided by the SAO/NASA Astrophysics Data System}
}

@ARTICLE{schaefer-etal-2020,
	author = {{Sch{\"a}fer}, Urs and {Johansen}, Anders and {Banerjee}, Robi},
	title = "{The coexistence of the streaming instability and the vertical shear instability in protoplanetary disks}",
	journal = {\aap},
	keywords = {instabilities, turbulence, methods: numerical, planets and satellites: formation, protoplanetary disks, hydrodynamics, Astrophysics - Earth and Planetary Astrophysics},
	year = 2020,
	month = mar,
	volume = {635},
	eid = {A190},
	pages = {A190},
	doi = {10.1051/0004-6361/201937371},
	archivePrefix = {arXiv},
	eprint = {2002.07185},
	primaryClass = {astro-ph.EP},
	adsurl = {https://ui.adsabs.harvard.edu/abs/2020A&A...635A.190S},
	adsnote = {Provided by the SAO/NASA Astrophysics Data System}
}

@ARTICLE{fromang-papaloizou-2007,
	author = {{Fromang}, S. and {Papaloizou}, J.},
	title = "{MHD simulations of the magnetorotational instability in a shearing box with zero net flux. I. The issue of convergence}",
	journal = {\aap},
	keywords = {accretion, accretion disks, magnetohydrodynamics (MHD), methods: numerical, Astrophysics},
	year = 2007,
	month = dec,
	volume = {476},
	number = {3},
	pages = {1113-1122},
	doi = {10.1051/0004-6361:20077942},
	archivePrefix = {arXiv},
	eprint = {0705.3621},
	primaryClass = {astro-ph},
	adsurl = {https://ui.adsabs.harvard.edu/abs/2007A&A...476.1113F},
	adsnote = {Provided by the SAO/NASA Astrophysics Data System}
}

@ARTICLE{larson-1990,
	author = {{Larson}, Richard B.},
	title = "{Non-linear acoustic waves in discs}",
	journal = {\mnras},
	keywords = {Accretion Disks, Nonlinear Equations, Shock Waves, Sound Waves, Wave Equations, Angular Momentum, Flow Velocity, Gas Flow, Steady State, Astrophysics},
	year = 1990,
	month = apr,
	volume = {243},
	pages = {588-592},
	adsurl = {https://ui.adsabs.harvard.edu/abs/1990MNRAS.243..588L},
	adsnote = {Provided by the SAO/NASA Astrophysics Data System}
}

@ARTICLE{goodman-rafikov-2001,
	author = {{Goodman}, J. and {Rafikov}, R.~R.},
	title = "{Planetary Torques as the Viscosity of Protoplanetary Disks}",
	journal = {\apj},
	keywords = {Stars: Planetary Systems, Planets and Satellites: General, Solar System: Formation, Astrophysics},
	year = 2001,
	month = may,
	volume = {552},
	number = {2},
	pages = {793-802},
	doi = {10.1086/320572},
	archivePrefix = {arXiv},
	eprint = {astro-ph/0010576},
	primaryClass = {astro-ph},
	adsurl = {https://ui.adsabs.harvard.edu/abs/2001ApJ...552..793G},
	adsnote = {Provided by the SAO/NASA Astrophysics Data System}
}

@ARTICLE{lega-etal-2021,
	author = {{Lega}, E. and {Nelson}, R.~P. and {Morbidelli}, A. and {Kley}, W. and {B{\'e}thune}, W. and {Crida}, A. and {Kloster}, D. and {M{\'e}heut}, H. and {Rometsch}, T. and {Ziampras}, A.},
	title = "{Migration of Jupiter-mass planets in low-viscosity discs}",
	journal = {\aap},
	keywords = {methods: numerical, planets and satellites: dynamical evolution and stability, protoplanetary disks, planet-disk interactions, Astrophysics - Earth and Planetary Astrophysics},
	year = 2021,
	month = feb,
	volume = {646},
	eid = {A166},
	pages = {A166},
	doi = {10.1051/0004-6361/202039520},
	archivePrefix = {arXiv},
	eprint = {2012.12930},
	primaryClass = {astro-ph.EP},
	adsurl = {https://ui.adsabs.harvard.edu/abs/2021A&A...646A.166L},
	adsnote = {Provided by the SAO/NASA Astrophysics Data System}
}

@ARTICLE{sachs-1974,
	author = {{Sachs}, A.},
	title = "{Babylonian Observational Astronomy}",
	journal = {Philosophical Transactions of the Royal Society of London Series A},
	year = 1974,
	month = may,
	volume = {276},
	number = {1257},
	pages = {43-50},
	doi = {10.1098/rsta.1974.0008},
	adsurl = {https://ui.adsabs.harvard.edu/abs/1974RSPTA.276...43S},
	adsnote = {Provided by the SAO/NASA Astrophysics Data System}
}

@ARTICLE{williams-cieza-2011,
	author = {{Williams}, Jonathan P. and {Cieza}, Lucas A.},
	title = "{Protoplanetary Disks and Their Evolution}",
	journal = {\araa},
	keywords = {Astrophysics - Galaxy Astrophysics, Astrophysics - Earth and Planetary Astrophysics, Astrophysics - Solar and Stellar Astrophysics},
	year = 2011,
	month = sep,
	volume = {49},
	number = {1},
	pages = {67-117},
	doi = {10.1146/annurev-astro-081710-102548},
	archivePrefix = {arXiv},
	eprint = {1103.0556},
	primaryClass = {astro-ph.GA},
	adsurl = {https://ui.adsabs.harvard.edu/abs/2011ARA&A..49...67W},
	adsnote = {Provided by the SAO/NASA Astrophysics Data System}
}

@BOOK{kant-1755,
	author = {{Kant}, Immanuel},
	title = "{Allgemeine Naturgeschichte und Theorie des Himmels}",
	year = 1755,
	adsurl = {https://ui.adsabs.harvard.edu/abs/1755anth.book.....K},
	adsnote = {Provided by the SAO/NASA Astrophysics Data System}
}

@BOOK{laplace-1796,
	author={{Laplace}, Pierre Simon de},
	title={Exposition du syst{\`e}me du monde},
	volume={1},
	year={1796},
	publisher={Mme.~Ve.~Courcier}	
}

@ARTICLE{mathis-etal-1977,
	author = {{Mathis}, J.~S. and {Rumpl}, W. and {Nordsieck}, K.~H.},
	title = "{The size distribution of interstellar grains.}",
	journal = {\apj},
	keywords = {Cosmic Dust, Interstellar Extinction, Interstellar Matter, Particle Size Distribution, Enstatite, Graphite, Magnetite, Olivine, Polarization Characteristics, Ultraviolet Astronomy, Astrophysics},
	year = 1977,
	month = oct,
	volume = {217},
	pages = {425-433},
	doi = {10.1086/155591},
	adsurl = {https://ui.adsabs.harvard.edu/abs/1977ApJ...217..425M},
	adsnote = {Provided by the SAO/NASA Astrophysics Data System}
}

@ARTICLE{alma-etal-2015b,
	author = {{ALMA Partnership} and {Brogan}, C.~L. and {P{\'e}rez}, L.~M. and {Hunter}, T.~R. and {Dent}, W.~R.~F. and {Hales}, A.~S. and {Hills}, R.~E. and {Corder}, S. and {Fomalont}, E.~B. and {Vlahakis}, C. and {Asaki}, Y. and {Barkats}, D. and {Hirota}, A. and {Hodge}, J.~A. and {Impellizzeri}, C.~M.~V. and {Kneissl}, R. and {Liuzzo}, E. and {Lucas}, R. and {Marcelino}, N. and {Matsushita}, S. and {Nakanishi}, K. and {Phillips}, N. and {Richards}, A.~M.~S. and {Toledo}, I. and {Aladro}, R. and {Broguiere}, D. and {Cortes}, J.~R. and {Cortes}, P.~C. and {Espada}, D. and {Galarza}, F. and {Garcia-Appadoo}, D. and {Guzman-Ramirez}, L. and {Humphreys}, E.~M. and {Jung}, T. and {Kameno}, S. and {Laing}, R.~A. and {Leon}, S. and {Marconi}, G. and {Mignano}, A. and {Nikolic}, B. and {Nyman}, L. -A. and {Radiszcz}, M. and {Remijan}, A. and {Rod{\'o}n}, J.~A. and {Sawada}, T. and {Takahashi}, S. and {Tilanus}, R.~P.~J. and {Vila Vilaro}, B. and {Watson}, L.~C. and {Wiklind}, T. and {Akiyama}, E. and {Chapillon}, E. and {de Gregorio-Monsalvo}, I. and {Di Francesco}, J. and {Gueth}, F. and {Kawamura}, A. and {Lee}, C. -F. and {Nguyen Luong}, Q. and {Mangum}, J. and {Pietu}, V. and {Sanhueza}, P. and {Saigo}, K. and {Takakuwa}, S. and {Ubach}, C. and {van Kempen}, T. and {Wootten}, A. and {Castro-Carrizo}, A. and {Francke}, H. and {Gallardo}, J. and {Garcia}, J. and {Gonzalez}, S. and {Hill}, T. and {Kaminski}, T. and {Kurono}, Y. and {Liu}, H. -Y. and {Lopez}, C. and {Morales}, F. and {Plarre}, K. and {Schieven}, G. and {Testi}, L. and {Videla}, L. and {Villard}, E. and {Andreani}, P. and {Hibbard}, J.~E. and {Tatematsu}, K.},
	title = "{The 2014 ALMA Long Baseline Campaign: First Results from High Angular Resolution Observations toward the HL Tau Region}",
	journal = {\apjl},
	keywords = {protoplanetary disks, stars: formation, stars: individual: HL Tau, XZ Tau, LkH{\ensuremath{\alpha}}358, submillimeter: planetary systems, techniques: interferometric, Astrophysics - Solar and Stellar Astrophysics},
	year = 2015,
	month = jul,
	volume = {808},
	number = {1},
	eid = {L3},
	pages = {L3},
	doi = {10.1088/2041-8205/808/1/L3},
	archivePrefix = {arXiv},
	eprint = {1503.02649},
	primaryClass = {astro-ph.SR},
	adsurl = {https://ui.adsabs.harvard.edu/abs/2015ApJ...808L...3A},
	adsnote = {Provided by the SAO/NASA Astrophysics Data System}
}

@ARTICLE{alma-etal-2015a,
	author = {{ALMA Partnership} and {Fomalont}, E.~B. and {Vlahakis}, C. and {Corder}, S. and {Remijan}, A. and {Barkats}, D. and {Lucas}, R. and {Hunter}, T.~R. and {Brogan}, C.~L. and {Asaki}, Y. and {Matsushita}, S. and {Dent}, W.~R.~F. and {Hills}, R.~E. and {Phillips}, N. and {Richards}, A.~M.~S. and {Cox}, P. and {Amestica}, R. and {Broguiere}, D. and {Cotton}, W. and {Hales}, A.~S. and {Hiriart}, R. and {Hirota}, A. and {Hodge}, J.~A. and {Impellizzeri}, C.~M.~V. and {Kern}, J. and {Kneissl}, R. and {Liuzzo}, E. and {Marcelino}, N. and {Marson}, R. and {Mignano}, A. and {Nakanishi}, K. and {Nikolic}, B. and {Perez}, J.~E. and {P{\'e}rez}, L.~M. and {Toledo}, I. and {Aladro}, R. and {Butler}, B. and {Cortes}, J. and {Cortes}, P. and {Dhawan}, V. and {Di Francesco}, J. and {Espada}, D. and {Galarza}, F. and {Garcia-Appadoo}, D. and {Guzman-Ramirez}, L. and {Humphreys}, E.~M. and {Jung}, T. and {Kameno}, S. and {Laing}, R.~A. and {Leon}, S. and {Mangum}, J. and {Marconi}, G. and {Nagai}, H. and {Nyman}, L. -A. and {Radiszcz}, M. and {Rod{\'o}n}, J.~A. and {Sawada}, T. and {Takahashi}, S. and {Tilanus}, R.~P.~J. and {van Kempen}, T. and {Vila Vilaro}, B. and {Watson}, L.~C. and {Wiklind}, T. and {Gueth}, F. and {Tatematsu}, K. and {Wootten}, A. and {Castro-Carrizo}, A. and {Chapillon}, E. and {Dumas}, G. and {de Gregorio-Monsalvo}, I. and {Francke}, H. and {Gallardo}, J. and {Garcia}, J. and {Gonzalez}, S. and {Hibbard}, J.~E. and {Hill}, T. and {Kaminski}, T. and {Karim}, A. and {Krips}, M. and {Kurono}, Y. and {Lopez}, C. and {Martin}, S. and {Maud}, L. and {Morales}, F. and {Pietu}, V. and {Plarre}, K. and {Schieven}, G. and {Testi}, L. and {Videla}, L. and {Villard}, E. and {Whyborn}, N. and {Zwaan}, M.~A. and {Alves}, F. and {Andreani}, P. and {Avison}, A. and {Barta}, M. and {Bedosti}, F. and {Bendo}, G.~J. and {Bertoldi}, F. and {Bethermin}, M. and {Biggs}, A. and {Boissier}, J. and {Brand}, J. and {Burkutean}, S. and {Casasola}, V. and {Conway}, J. and {Cortese}, L. and {Dabrowski}, B. and {Davis}, T.~A. and {Diaz Trigo}, M. and {Fontani}, F. and {Franco-Hernandez}, R. and {Fuller}, G. and {Galvan Madrid}, R. and {Giannetti}, A. and {Ginsburg}, A. and {Graves}, S.~F. and {Hatziminaoglou}, E. and {Hogerheijde}, M. and {Jachym}, P. and {Jimenez Serra}, I. and {Karlicky}, M. and {Klaasen}, P. and {Kraus}, M. and {Kunneriath}, D. and {Lagos}, C. and {Longmore}, S. and {Leurini}, S. and {Maercker}, M. and {Magnelli}, B. and {Marti Vidal}, I. and {Massardi}, M. and {Maury}, A. and {Muehle}, S. and {Muller}, S. and {Muxlow}, T. and {O'Gorman}, E. and {Paladino}, R. and {Petry}, D. and {Pineda}, J.~E. and {Randall}, S. and {Richer}, J.~S. and {Rossetti}, A. and {Rushton}, A. and {Rygl}, K. and {Sanchez Monge}, A. and {Schaaf}, R. and {Schilke}, P. and {Stanke}, T. and {Schmalzl}, M. and {Stoehr}, F. and {Urban}, S. and {van Kampen}, E. and {Vlemmings}, W. and {Wang}, K. and {Wild}, W. and {Yang}, Y. and {Iguchi}, S. and {Hasegawa}, T. and {Saito}, M. and {Inatani}, J. and {Mizuno}, N. and {Asayama}, S. and {Kosugi}, G. and {Morita}, K. -I. and {Chiba}, K. and {Kawashima}, S. and {Okumura}, S.~K. and {Ohashi}, N. and {Ogasawara}, R. and {Sakamoto}, S. and {Noguchi}, T. and {Huang}, Y. -D. and {Liu}, S. -Y. and {Kemper}, F. and {Koch}, P.~M. and {Chen}, M. -T. and {Chikada}, Y. and {Hiramatsu}, M. and {Iono}, D. and {Shimojo}, M. and {Komugi}, S. and {Kim}, J. and {Lyo}, A. -R. and {Muller}, E. and {Herrera}, C. and {Miura}, R.~E. and {Ueda}, J. and {Chibueze}, J. and {Su}, Y. -N. and {Trejo-Cruz}, A. and {Wang}, K. -S. and {Kiuchi}, H. and {Ukita}, N. and {Sugimoto}, M. and {Kawabe}, R. and {Hayashi}, M. and {Miyama}, S. and {Ho}, P.~T.~P. and {Kaifu}, N. and {Ishiguro}, M. and {Beasley}, A.~J. and {Bhatnagar}, S. and {Braatz}, J.~A., III and {Brisbin}, D.~G. and {Brunetti}, N. and {Carilli}, C. and {Crossley}, J.~H. and {D'Addario}, L. and {Donovan Meyer}, J.~L. and {Emerson}, D.~T. and {Evans}, A.~S. and {Fisher}, P. and {Golap}, K. and {Griffith}, D.~M. and {Hale}, A.~E. and {Halstead}, D. and {Hardy}, E.~J. and {Hatz}, M.~C. and {Holdaway}, M. and {Indebetouw}, R. and {Jewell}, P.~R. and {Kepley}, A.~A. and {Kim}, D. -C. and {Lacy}, M.~D. and {Leroy}, A.~K. and {Liszt}, H.~S. and {Lonsdale}, C.~J. and {Matthews}, B. and {McKinnon}, M. and {Mason}, B.~S. and {Moellenbrock}, G. and {Moullet}, A. and {Myers}, S.~T. and {Ott}, J. and {Peck}, A.~B. and {Pisano}, J. and {Radford}, S.~J.~E. and {Randolph}, W.~T. and {Rao Venkata}, U. and {Rawlings}, M.~G. and {Rosen}, R. and {Schnee}, S.~L. and {Scott}, K.~S. and {Sharp}, N.~K. and {Sheth}, K. and {Simon}, R.~S. and {Tsutsumi}, T. and {Wood}, S.~J.},
	title = "{The 2014 ALMA Long Baseline Campaign: An Overview}",
	journal = {\apjl},
	keywords = {instrumentation: interferometers, submillimeter: general, techniques: high angular resolution, techniques: interferometric, telescopes, Astrophysics - Instrumentation and Methods for Astrophysics},
	year = 2015,
	month = jul,
	volume = {808},
	number = {1},
	eid = {L1},
	pages = {L1},
	doi = {10.1088/2041-8205/808/1/L1},
	archivePrefix = {arXiv},
	eprint = {1504.04877},
	primaryClass = {astro-ph.IM},
	adsurl = {https://ui.adsabs.harvard.edu/abs/2015ApJ...808L...1A},
	adsnote = {Provided by the SAO/NASA Astrophysics Data System}
}

@ARTICLE{haffert-etal-2019,
	author = {{Haffert}, S.~Y. and {Bohn}, A.~J. and {de Boer}, J. and {Snellen}, I.~A.~G. and {Brinchmann}, J. and {Girard}, J.~H. and {Keller}, C.~U. and {Bacon}, R.},
	title = "{Two accreting protoplanets around the young star PDS 70}",
	journal = {Nature Astronomy},
	keywords = {Astrophysics - Earth and Planetary Astrophysics},
	year = 2019,
	month = jun,
	volume = {3},
	pages = {749-754},
	doi = {10.1038/s41550-019-0780-5},
	archivePrefix = {arXiv},
	eprint = {1906.01486},
	primaryClass = {astro-ph.EP},
	adsurl = {https://ui.adsabs.harvard.edu/abs/2019NatAs...3..749H},
	adsnote = {Provided by the SAO/NASA Astrophysics Data System}
}

@ARTICLE{mayor-etal-1995,
	author = {{Mayor}, M. and {Queloz}, D. and {Marcy}, G. and {Butler}, P. and {Noyes}, R. and {Korzennik}, S. and {Krockenberger}, M. and {Nisenson}, P. and {Brown}, T. and {Kennelly}, T. and {Rowland}, C. and {Horner}, S. and {Burki}, G. and {Burnet}, M. and {Kunzli}, M.},
	title = "{51 Pegasi}",
	journal = {\iaucirc},
	year = 1995,
	month = oct,
	volume = {6251},
	pages = {1},
	adsurl = {https://ui.adsabs.harvard.edu/abs/1995IAUC.6251....1M},
	adsnote = {Provided by the SAO/NASA Astrophysics Data System}
}

@misc{exoplanets-techniques,
	author = {{ESO}},
	title = {Exoplanet detection methods},
	year = 2019,
	howpublished = {\url{https://www.esa.int/ESA_Multimedia/Images/2019/12/Exoplanet_detection_methods}},
	note = {Accessed: 2021-10-18}
}

@misc{exoplanets-catalog,
	author = {{NASA}},
	title = {{NASA Exoplanet Archive}},
	year = 2023,
	howpublished = {\url{https://exoplanetarchive.ipac.caltech.edu/}},
	note = {Accessed: 2023-07-11}
}

@ARTICLE{peplinski-etal-2008,
author = {{Pepli{\'n}ski}, A. and {Artymowicz}, P. and {Mellema}, G.},
title = "{Numerical simulations of type III planetary migration - III. Outward migration of massive planets}",
journal = {\mnras},
keywords = {accretion, accretion discs, hydrodynamics, methods: numerical, planets and satellites: formation, Astrophysics},
year = 2008,
month = jul,
volume = {387},
number = {3},
pages = {1063-1079},
doi = {10.1111/j.1365-2966.2008.13339.x},
archivePrefix = {arXiv},
eprint = {0802.2501},
primaryClass = {astro-ph},
adsurl = {https://ui.adsabs.harvard.edu/abs/2008MNRAS.387.1063P},
adsnote = {Provided by the SAO/NASA Astrophysics Data System}
}

@ARTICLE{nelson-etal-2000,
author = {{Nelson}, Richard P. and {Papaloizou}, John C.~B. and {Masset}, Fr{\'e}d{\'e}ric and {Kley}, Willy},
title = "{The migration and growth of protoplanets in protostellar discs}",
journal = {\mnras},
keywords = {ACCRETION, ACCRETION DISCS, METHODS: NUMERICAL, PLANETS AND SATELLITES: GENERAL, SOLAR SYSTEM: FORMATION, PLANETARY SYSTEMS, Astrophysics},
year = 2000,
month = oct,
volume = {318},
number = {1},
pages = {18-36},
doi = {10.1046/j.1365-8711.2000.03605.x},
archivePrefix = {arXiv},
eprint = {astro-ph/9909486},
primaryClass = {astro-ph},
adsurl = {https://ui.adsabs.harvard.edu/abs/2000MNRAS.318...18N},
adsnote = {Provided by the SAO/NASA Astrophysics Data System}
}

@ARTICLE{crida-etal-2006,
author = {{Crida}, A. and {Morbidelli}, A. and {Masset}, F.},
title = "{On the width and shape of gaps in protoplanetary disks}",
journal = {\icarus},
keywords = {Astrophysics},
year = 2006,
month = apr,
volume = {181},
number = {2},
pages = {587-604},
doi = {10.1016/j.icarus.2005.10.007},
archivePrefix = {arXiv},
eprint = {astro-ph/0511082},
primaryClass = {astro-ph},
adsurl = {https://ui.adsabs.harvard.edu/abs/2006Icar..181..587C},
adsnote = {Provided by the SAO/NASA Astrophysics Data System}
}

@article{gammie-2001,
title = {Nonlinear {Outcome} of {Gravitational} {Instability} in {Cooling}, {Gaseous} {Disks}},
volume = {553},
issn = {0004-637X},
url = {https://ui.adsabs.harvard.edu/abs/2001ApJ...553..174G},
doi = {10.1086/320631},
urldate = {2021-09-27},
journal = {\apj},
author = {Gammie, Charles F.},
month = may,
year = {2001},
keywords = {Accretion, Accretion Disks, Astrophysics, Galaxies: Nuclei, Solar System: Formation},
pages = {174--183}
}

@ARTICLE{kley-etal-2009,
author = {{Kley}, W. and {Bitsch}, B. and {Klahr}, H.},
title = "{Planet migration in three-dimensional radiative discs}",
journal = {\aap},
keywords = {accretion, accretion disks, hydrodynamics, radiative transfer, planets and satellites: formation, Astrophysics - Earth and Planetary Astrophysics, Astrophysics - Solar and Stellar Astrophysics},
year = 2009,
month = nov,
volume = {506},
number = {2},
pages = {971-987},
doi = {10.1051/0004-6361/200912072},
archivePrefix = {arXiv},
eprint = {0908.1863},
primaryClass = {astro-ph.EP},
adsurl = {https://ui.adsabs.harvard.edu/abs/2009A&A...506..971K},
adsnote = {Provided by the SAO/NASA Astrophysics Data System}
}

@Article{hunter-2007,
	Author    = {Hunter, J. D.},
	Title     = {Matplotlib: A 2D graphics environment},
	Journal   = {Computing In Science \& Engineering},
	Volume    = {9},
	Number    = {3},
	Pages     = {90--95},
	abstract  = {Matplotlib is a 2D graphics package used for Python
	for application development, interactive scripting, and
	publication-quality image generation across user
	interfaces and operating systems.},
	publisher = {IEEE COMPUTER SOC},
	year      = 2007
}

@ARTICLE{manger-etal-2021,
       author = {{Manger}, Natascha and {Pfeil}, Thomas and {Klahr}, Hubert},
        title = "{High-resolution parameter study of the vertical shear instability - II: dependence on temperature gradient and cooling time}",
      journal = {\mnras},
     keywords = {hydrodynamics, planets and satellites: formation, protoplanetary discs, turbulence, Astrophysics - Earth and Planetary Astrophysics},
         year = 2021,
        month = dec,
       volume = {508},
       number = {4},
        pages = {5402-5409},
          doi = {10.1093/mnras/stab2599},
archivePrefix = {arXiv},
       eprint = {2109.01649},
 primaryClass = {astro-ph.EP},
       adsurl = {https://ui.adsabs.harvard.edu/abs/2021MNRAS.508.5402M},
      adsnote = {Provided by the SAO/NASA Astrophysics Data System}
}

@ARTICLE{klahr-hubbard-2014,
       author = {{Klahr}, Hubert and {Hubbard}, Alexander},
        title = "{Convective Overstability in Radially Stratified Accretion Disks under Thermal Relaxation}",
      journal = {\apj},
     keywords = {accretion, accretion disks, circumstellar matter, hydrodynamics, instabilities, methods: analytical, methods: numerical, planets and satellites: formation, turbulence, Astrophysics - Solar and Stellar Astrophysics},
         year = 2014,
        month = jun,
       volume = {788},
       number = {1},
          eid = {21},
        pages = {21},
          doi = {10.1088/0004-637X/788/1/21},
archivePrefix = {arXiv},
       eprint = {1403.6721},
 primaryClass = {astro-ph.SR},
       adsurl = {https://ui.adsabs.harvard.edu/abs/2014ApJ...788...21K},
      adsnote = {Provided by the SAO/NASA Astrophysics Data System}
}

@ARTICLE{barraza-etal-2022,
       author = {{Barraza-Alfaro}, Marcelo and {Flock}, Mario and {Doe}, John},
        title = "{Something about planet--VSI observations}",
      journal = {\aap},
         year = 2022
}

@ARTICLE{bae-etal-2016b,
       author = {{Bae}, Jaehan and {Nelson}, Richard P. and {Hartmann}, Lee},
        title = "{The Spiral Wave Instability Induced by a Giant Planet. I. Particle Stirring in the Inner Regions of Protoplanetary Disks}",
      journal = {\apj},
     keywords = {hydrodynamics, instabilities, planets and satellites: formation, planet{\textendash}disk interactions, waves, Astrophysics - Earth and Planetary Astrophysics},
         year = 2016,
        month = dec,
       volume = {833},
       number = {2},
          eid = {126},
        pages = {126},
          doi = {10.3847/1538-4357/833/2/126},
archivePrefix = {arXiv},
       eprint = {1610.08502},
 primaryClass = {astro-ph.EP},
       adsurl = {https://ui.adsabs.harvard.edu/abs/2016ApJ...833..126B},
      adsnote = {Provided by the SAO/NASA Astrophysics Data System}
}

@ARTICLE{bae-etal-2016a,
       author = {{Bae}, Jaehan and {Nelson}, Richard P. and {Hartmann}, Lee and {Richard}, Samuel},
        title = "{Self-destructing Spiral Waves: Global Simulations of a Spiral-wave Instability in Accretion Disks}",
      journal = {\apj},
     keywords = {accretion, accretion disks, hydrodynamics, instabilities, waves, Astrophysics - Earth and Planetary Astrophysics},
         year = 2016,
        month = sep,
       volume = {829},
       number = {1},
          eid = {13},
        pages = {13},
          doi = {10.3847/0004-637X/829/1/13},
archivePrefix = {arXiv},
       eprint = {1607.01792},
 primaryClass = {astro-ph.EP},
       adsurl = {https://ui.adsabs.harvard.edu/abs/2016ApJ...829...13B},
      adsnote = {Provided by the SAO/NASA Astrophysics Data System}
}

@ARTICLE{lynden-bell-pringle-1974,
       author = {{Lynden-Bell}, D. and {Pringle}, J.~E.},
        title = "{The evolution of viscous discs and the origin of the nebular variables.}",
      journal = {\mnras},
         year = 1974,
        month = sep,
       volume = {168},
        pages = {603-637},
          doi = {10.1093/mnras/168.3.603},
       adsurl = {https://ui.adsabs.harvard.edu/abs/1974MNRAS.168..603L},
      adsnote = {Provided by the SAO/NASA Astrophysics Data System}
}

@ARTICLE{picogna-etal-2018,
       author = {{Picogna}, Giovanni and {Stoll}, Moritz H.~R. and {Kley}, Wilhelm},
        title = "{Particle accretion onto planets in discs with hydrodynamic turbulence}",
      journal = {\aap},
     keywords = {accretion, accretion discs, turbulence, planets and satellites: formation, planet-disc interactions, Astrophysics - Earth and Planetary Astrophysics, Astrophysics - Instrumentation and Methods for Astrophysics},
         year = 2018,
        month = aug,
       volume = {616},
          eid = {A116},
        pages = {A116},
          doi = {10.1051/0004-6361/201732523},
archivePrefix = {arXiv},
       eprint = {1803.08730},
 primaryClass = {astro-ph.EP},
       adsurl = {https://ui.adsabs.harvard.edu/abs/2018A&A...616A.116P},
      adsnote = {Provided by the SAO/NASA Astrophysics Data System}
}

@article{marcus-etal-2015,
    title = {{ZOMBIE} {VORTEX} {INSTABILITY}. {I}. {A} {PURELY} {HYDRODYNAMIC} {
             INSTABILITY} {TO} {RESURRECT} {THE} {DEAD} {ZONES} {OF} {
             PROTOPLANETARY} {DISKS}},
    volume = {808},
    issn = {1538-4357},
    url = {https://iopscience.iop.org/article/10.1088/0004-637X/808/1/87},
    doi = {10.1088/0004-637X/808/1/87},
    number = {1},
    urldate = {2021-08-20},
    journal = {\apj},
    author = {Marcus, Philip S. and Pei, Suyang and Jiang, Chung-Hsiang and
              Barranco, Joseph A. and Hassanzadeh, Pedram and Lecoanet, Daniel},
    month = jul,
    year = {2015},
    pages = {87},
}


@article{marcus-etal-2016,
    title = {{ZOMBIE} {VORTEX} {INSTABILITY}. {II}. {THRESHOLDS} {TO} {TRIGGER}
             {INSTABILITY} {AND} {THE} {PROPERTIES} {OF} {ZOMBIE} {TURBULENCE} {
             IN} {THE} {DEAD} {ZONES} {OF} {PROTOPLANETARY} {DISKS}},
    volume = {833},
    issn = {1538-4357},
    url = {https://iopscience.iop.org/article/10.3847/1538-4357/833/2/148},
    doi = {10.3847/1538-4357/833/2/148},
    number = {2},
    urldate = {2021-08-20},
    journal = {\apj},
    author = {Marcus, Philip S. and Pei, Suyang and Jiang, Chung-Hsiang and
              Barranco, Joseph A.},
    month = dec,
    year = {2016},
    pages = {148},
}

@ARTICLE{villenave-etal-2022,
       author = {{Villenave}, M. and {Stapelfeldt}, K.~R. and {Duch{\^e}ne}, G. and {M{\'e}nard}, F. and {Lambrechts}, M. and {Sierra}, A. and {Flores}, C. and {Dent}, W.~R.~F. and {Wolff}, S. and {Ribas}, {\'A}. and {Benisty}, M. and {Cuello}, N. and {Pinte}, C.},
        title = "{A Highly Settled Disk around Oph163131}",
      journal = {\apj},
     keywords = {Protoplanetary disks, Planet formation, Radiative transfer, Dust continuum emission, 1300, 1241, 1335, 412, Astrophysics - Solar and Stellar Astrophysics, Astrophysics - Earth and Planetary Astrophysics},
         year = 2022,
        month = may,
       volume = {930},
       number = {1},
          eid = {11},
        pages = {11},
          doi = {10.3847/1538-4357/ac5fae},
archivePrefix = {arXiv},
       eprint = {2204.00640},
 primaryClass = {astro-ph.SR},
       adsurl = {https://ui.adsabs.harvard.edu/abs/2022ApJ...930...11V},
      adsnote = {Provided by the SAO/NASA Astrophysics Data System}
}

@ARTICLE{lyra-umurhan-2019,
    author = {{Lyra}, Wladimir and {Umurhan}, Orkan M.},
    title = "{The Initial Conditions for Planet Formation: Turbulence Driven by Hydrodynamical Instabilities in Disks around Young Stars}",
    journal = {\pasp},
    keywords = {Astrophysics - Earth and Planetary Astrophysics, Astrophysics - Solar and Stellar Astrophysics},
    year = 2019,
    month = jul,
    volume = {131},
    number = {1001},
    pages = {072001},
    doi = {10.1088/1538-3873/aaf5ff},
    archivePrefix = {arXiv},
    eprint = {1808.08681},
    primaryClass = {astro-ph.EP},
    adsurl = {https://ui.adsabs.harvard.edu/abs/2019PASP..131g2001L},
    adsnote = {Provided by the SAO/NASA Astrophysics Data System}
}

@ARTICLE{flaherty-etal-2020,
       author = {{Flaherty}, Kevin and {Hughes}, A. Meredith and {Simon}, Jacob B. and {Qi}, Chunhua and {Bai}, Xue-Ning and {Bulatek}, Alyssa and {Andrews}, Sean M. and {Wilner}, David J. and {K{\'o}sp{\'a}l}, {\'A}gnes},
        title = "{Measuring Turbulent Motion in Planet-forming Disks with ALMA: A Detection around DM Tau and Nondetections around MWC 480 and V4046 Sgr}",
      journal = {\apj},
     keywords = {Protoplanetary disks, Planet formation, 1300, 1241, Astrophysics - Solar and Stellar Astrophysics, Astrophysics - Earth and Planetary Astrophysics, Astrophysics - Astrophysics of Galaxies},
         year = 2020,
        month = jun,
       volume = {895},
       number = {2},
          eid = {109},
        pages = {109},
          doi = {10.3847/1538-4357/ab8cc5},
archivePrefix = {arXiv},
       eprint = {2004.12176},
 primaryClass = {astro-ph.SR},
       adsurl = {https://ui.adsabs.harvard.edu/abs/2020ApJ...895..109F},
      adsnote = {Provided by the SAO/NASA Astrophysics Data System}
}

@ARTICLE{flores-etal-2020,
       author = {{Flores-Rivera}, Lizxandra and {Flock}, Mario and {Nakatani}, Riouhei},
        title = "{Hydrodynamical simulations of protoplanetary disks including irradiation of stellar photons. I. Resolution study for vertical shear instability}",
      journal = {\aap},
     keywords = {hydrodynamics, instabilities, methods: numerical, protoplanetary disks, Astrophysics - Earth and Planetary Astrophysics, Astrophysics - Solar and Stellar Astrophysics},
         year = 2020,
        month = dec,
       volume = {644},
          eid = {A50},
        pages = {A50},
          doi = {10.1051/0004-6361/202039294},
archivePrefix = {arXiv},
       eprint = {2010.06711},
 primaryClass = {astro-ph.EP},
       adsurl = {https://ui.adsabs.harvard.edu/abs/2020A&A...644A..50F},
      adsnote = {Provided by the SAO/NASA Astrophysics Data System}
}

@ARTICLE{bi-etal-2021,
       author = {{Bi}, Jiaqing and {Lin}, Min-Kai and {Dong}, Ruobing},
        title = "{Puffed-up Edges of Planet-opened Gaps in Protoplanetary Disks. I. Hydrodynamic Simulations}",
      journal = {\apj},
     keywords = {Planet formation, Hydrodynamical simulations, Protoplanetary disks, Interstellar dust, 1241, 767, 1300, 836, Astrophysics - Earth and Planetary Astrophysics},
         year = 2021,
        month = may,
       volume = {912},
       number = {2},
          eid = {107},
        pages = {107},
          doi = {10.3847/1538-4357/abef6b},
archivePrefix = {arXiv},
       eprint = {2103.09254},
 primaryClass = {astro-ph.EP},
       adsurl = {https://ui.adsabs.harvard.edu/abs/2021ApJ...912..107B},
      adsnote = {Provided by the SAO/NASA Astrophysics Data System}
}

@ARTICLE{mcnally-etal-2020,
       author = {{McNally}, Colin P. and {Nelson}, Richard P. and {Paardekooper}, Sijme-Jan and {Ben{\'\i}tez-Llambay}, Pablo and {Gressel}, Oliver},
        title = "{Low-mass planet migration in three-dimensional wind-driven inviscid discs: a negative corotation torque}",
      journal = {\mnras},
     keywords = {planets and satellites: dynamical evolution and stability, planet-disc interactions, protoplanetary discs, Astrophysics - Earth and Planetary Astrophysics},
         year = 2020,
        month = apr,
       volume = {493},
       number = {3},
        pages = {4382-4399},
          doi = {10.1093/mnras/staa576},
archivePrefix = {arXiv},
       eprint = {2002.11161},
 primaryClass = {astro-ph.EP},
       adsurl = {https://ui.adsabs.harvard.edu/abs/2020MNRAS.493.4382M},
      adsnote = {Provided by the SAO/NASA Astrophysics Data System}
}

@ARTICLE{masset-llambay-2016,
       author = {{Masset}, F.~S. and {Ben{\'\i}tez-Llambay}, P.},
        title = "{Horseshoe Drag in Three-dimensional Globally Isothermal Disks}",
      journal = {\apj},
     keywords = {accretion, accretion disks, hydrodynamics, methods: numerical, planet{\textendash}disk interactions, planets and satellites: formation, protoplanetary disks, Astrophysics - Earth and Planetary Astrophysics},
         year = 2016,
        month = jan,
       volume = {817},
       number = {1},
          eid = {19},
        pages = {19},
          doi = {10.3847/0004-637X/817/1/19},
archivePrefix = {arXiv},
       eprint = {1511.07946},
 primaryClass = {astro-ph.EP},
       adsurl = {https://ui.adsabs.harvard.edu/abs/2016ApJ...817...19M},
      adsnote = {Provided by the SAO/NASA Astrophysics Data System}
}

@ARTICLE{dullemond-etal-2022,
       author = {{Dullemond}, C.~P. and {Ziampras}, A. and {Ostertag}, D. and {Dominik}, C.},
        title = "{Razor-thin dust layers in protoplanetary disks: Limits on the vertical shear instability}",
      journal = {\aap},
     keywords = {protoplanetary disks, accretion, accretion disks, Astrophysics - Earth and Planetary Astrophysics, Astrophysics - Solar and Stellar Astrophysics},
         year = 2022,
        month = dec,
       volume = {668},
          eid = {A105},
        pages = {A105},
          doi = {10.1051/0004-6361/202244218},
archivePrefix = {arXiv},
       eprint = {2210.13413},
 primaryClass = {astro-ph.EP},
       adsurl = {https://ui.adsabs.harvard.edu/abs/2022A&A...668A.105D},
      adsnote = {Provided by the SAO/NASA Astrophysics Data System}
}

@ARTICLE{kley-crida-2008,
       author = {{Kley}, W. and {Crida}, A.},
        title = "{Migration of protoplanets in radiative discs}",
      journal = {\aap},
     keywords = {stars: planetary systems: formation, accretion, accretion disks, Astrophysics},
         year = 2008,
        month = aug,
       volume = {487},
       number = {1},
        pages = {L9-L12},
          doi = {10.1051/0004-6361:200810033},
archivePrefix = {arXiv},
       eprint = {0806.2990},
 primaryClass = {astro-ph},
       adsurl = {https://ui.adsabs.harvard.edu/abs/2008A&A...487L...9K},
      adsnote = {Provided by the SAO/NASA Astrophysics Data System}
}

@ARTICLE{mueller-kley-2012,
       author = {{M{\"u}ller}, T.~W.~A. and {Kley}, W.},
        title = "{Circumstellar disks in binary star systems. Models for {\ensuremath{\gamma}} Cephei and {\ensuremath{\alpha}} Centauri}",
      journal = {\aap},
     keywords = {accretion, accretion disks, protoplanetary disks, hydrodynamics, radiative transfer, methods: numerical, planets and satellites: formation, Astrophysics - Earth and Planetary Astrophysics},
         year = 2012,
        month = mar,
       volume = {539},
          eid = {A18},
        pages = {A18},
          doi = {10.1051/0004-6361/201118202},
archivePrefix = {arXiv},
       eprint = {1112.1845},
 primaryClass = {astro-ph.EP},
       adsurl = {https://ui.adsabs.harvard.edu/abs/2012A&A...539A..18M},
      adsnote = {Provided by the SAO/NASA Astrophysics Data System}
}

@MISC{dullemond-etal-2012,
       author = {{Dullemond}, C.~P. and {Juhasz}, A. and {Pohl}, A. and {Sereshti}, F. and {Shetty}, R. and {Peters}, T. and {Commercon}, B. and {Flock}, M.},
        title = "{RADMC-3D: A multi-purpose radiative transfer tool}",
     keywords = {Software},
 howpublished = {Astrophysics Source Code Library, record ascl:1202.015},
         year = 2012,
        month = feb,
          eid = {ascl:1202.015},
        pages = {ascl:1202.015},
archivePrefix = {ascl},
       eprint = {1202.015},
       adsurl = {https://ui.adsabs.harvard.edu/abs/2012ascl.soft02015D},
      adsnote = {Provided by the SAO/NASA Astrophysics Data System}
}

@ARTICLE{casa-team-2022,
       author = {{CASA Team} and {Bean}, Ben and {Bhatnagar}, Sanjay and {Castro}, Sandra and {Donovan Meyer}, Jennifer and {Emonts}, Bjorn and {Garcia}, Enrique and {Garwood}, Robert and {Golap}, Kumar and {Gonzalez Villalba}, Justo and {Harris}, Pamela and {Hayashi}, Yohei and {Hoskins}, Josh and {Hsieh}, Mingyu and {Jagannathan}, Preshanth and {Kawasaki}, Wataru and {Keimpema}, Aard and {Kettenis}, Mark and {Lopez}, Jorge and {Marvil}, Joshua and {Masters}, Joseph and {McNichols}, Andrew and {Mehringer}, David and {Miel}, Renaud and {Moellenbrock}, George and {Montesino}, Federico and {Nakazato}, Takeshi and {Ott}, Juergen and {Petry}, Dirk and {Pokorny}, Martin and {Raba}, Ryan and {Rau}, Urvashi and {Schiebel}, Darrell and {Schweighart}, Neal and {Sekhar}, Srikrishna and {Shimada}, Kazuhiko and {Small}, Des and {Steeb}, Jan-Willem and {Sugimoto}, Kanako and {Suoranta}, Ville and {Tsutsumi}, Takahiro and {van Bemmel}, Ilse M. and {Verkouter}, Marjolein and {Wells}, Akeem and {Xiong}, Wei and {Szomoru}, Arpad and {Griffith}, Morgan and {Glendenning}, Brian and {Kern}, Jeff},
        title = "{CASA, the Common Astronomy Software Applications for Radio Astronomy}",
      journal = {\pasp},
     keywords = {Single-dish antennas, Aperture synthesis, Radio astronomy, Radio interferometry, Long baseline interferometry, Astronomy software, Open source software, Software documentation, Astronomy data reduction, Astronomy data analysis, 1460, 53, 1338, 1346, 932, 1855, 1866, 1869, 1861, 1858, Astrophysics - Instrumentation and Methods for Astrophysics, Astrophysics - Astrophysics of Galaxies, Astrophysics - High Energy Astrophysical Phenomena, Astrophysics - Solar and Stellar Astrophysics},
         year = 2022,
        month = nov,
       volume = {134},
       number = {1041},
          eid = {114501},
        pages = {114501},
          doi = {10.1088/1538-3873/ac9642},
archivePrefix = {arXiv},
       eprint = {2210.02276},
 primaryClass = {astro-ph.IM},
       adsurl = {https://ui.adsabs.harvard.edu/abs/2022PASP..134k4501C},
      adsnote = {Provided by the SAO/NASA Astrophysics Data System}
}

@ARTICLE{takeuchi-lin-2002,
       author = {{Takeuchi}, Taku and {Lin}, D.~N.~C.},
        title = "{Radial Flow of Dust Particles in Accretion Disks}",
      journal = {\apj},
     keywords = {Accretion, Accretion Disks, Stars: Planetary Systems: Formation, Solar System: Formation, Astrophysics},
         year = 2002,
        month = dec,
       volume = {581},
       number = {2},
        pages = {1344-1355},
          doi = {10.1086/344437},
archivePrefix = {arXiv},
       eprint = {astro-ph/0208552},
 primaryClass = {astro-ph},
       adsurl = {https://ui.adsabs.harvard.edu/abs/2002ApJ...581.1344T},
      adsnote = {Provided by the SAO/NASA Astrophysics Data System}
}

@ARTICLE{sudarshan-etal-2022,
       author = {{Sudarshan}, Prakruti and {Penzlin}, Anna B.~T. and {Ziampras}, Alexandros and {Kley}, Wilhelm and {Nelson}, Richard P.},
        title = "{How cooling influences circumbinary discs}",
      journal = {\aap},
     keywords = {accretion, accretion disks, methods: numerical, protoplanetary disks, hydrodynamics, binaries: general, Astrophysics - Earth and Planetary Astrophysics},
         year = 2022,
        month = aug,
       volume = {664},
          eid = {A157},
        pages = {A157},
          doi = {10.1051/0004-6361/202243472},
archivePrefix = {arXiv},
       eprint = {2206.07749},
 primaryClass = {astro-ph.EP},
       adsurl = {https://ui.adsabs.harvard.edu/abs/2022A&A...664A.157S},
      adsnote = {Provided by the SAO/NASA Astrophysics Data System}
}

@ARTICLE{pierens-nelson-2022,
       author = {{Pierens}, Arnaud and {Nelson}, Richard},
        title = "{Three-dimensional evolution of radiative circumbinary discs: the size and shape of the inner cavity}",
      journal = {arXiv e-prints},
     keywords = {Astrophysics - Earth and Planetary Astrophysics},
         year = 2022,
        month = nov,
          eid = {arXiv:2211.03816},
        pages = {arXiv:2211.03816},
          doi = {10.48550/arXiv.2211.03816},
archivePrefix = {arXiv},
       eprint = {2211.03816},
 primaryClass = {astro-ph.EP},
       adsurl = {https://ui.adsabs.harvard.edu/abs/2022arXiv221103816P},
      adsnote = {Provided by the SAO/NASA Astrophysics Data System}
}

@ARTICLE{bethune-latter-2021,
       author = {{B{\'e}thune}, William and {Latter}, Henrik and {Kley}, Wilhelm},
        title = "{Spiral structures in gravito-turbulent gaseous disks}",
      journal = {\aap},
     keywords = {accretion, accretion disks, gravitation, hydrodynamics, turbulence, methods: numerical, Astrophysics - Earth and Planetary Astrophysics, Astrophysics - Astrophysics of Galaxies},
         year = 2021,
        month = jun,
       volume = {650},
          eid = {A49},
        pages = {A49},
          doi = {10.1051/0004-6361/202040094},
archivePrefix = {arXiv},
       eprint = {2102.00775},
 primaryClass = {astro-ph.EP},
       adsurl = {https://ui.adsabs.harvard.edu/abs/2021A&A...650A..49B},
      adsnote = {Provided by the SAO/NASA Astrophysics Data System}
}

@ARTICLE{goldreich-tremaine-1980,
       author = {{Goldreich}, P. and {Tremaine}, S.},
        title = "{Disk-satellite interactions.}",
      journal = {\apj},
     keywords = {Jupiter (Planet), Momentum Transfer, Natural Satellites, Planetary Evolution, Protoplanets, Angular Momentum, Celestial Mechanics, Resonance, Solar System, Astronomy, Jupiter:Protoplanetary Nebula, Planetary Rings:Planetary Satellites},
         year = 1980,
        month = oct,
       volume = {241},
        pages = {425-441},
          doi = {10.1086/158356},
       adsurl = {https://ui.adsabs.harvard.edu/abs/1980ApJ...241..425G},
      adsnote = {Provided by the SAO/NASA Astrophysics Data System}
}

@ARTICLE{guzman-etal-2018,
       author = {{Guzm{\'a}n}, Viviana V. and {Huang}, Jane and {Andrews}, Sean M. and {Isella}, Andrea and {P{\'e}rez}, Laura M. and {Carpenter}, John M. and {Dullemond}, Cornelis P. and {Ricci}, Luca and {Birnstiel}, Tilman and {Zhang}, Shangjia and {Zhu}, Zhaohuan and {Bai}, Xue-Ning and {Benisty}, Myriam and {{\"O}berg}, Karin I. and {Wilner}, David J.},
        title = "{The Disk Substructures at High Angular Resolution Program (DSHARP). VIII. The Rich Ringed Substructures in the AS 209 Disk}",
      journal = {\apjl},
     keywords = {dust, extinction, protoplanetary disks, techniques: high angular resolution, Astrophysics - Solar and Stellar Astrophysics, Astrophysics - Earth and Planetary Astrophysics, Astrophysics - Astrophysics of Galaxies},
         year = 2018,
        month = dec,
       volume = {869},
       number = {2},
          eid = {L48},
        pages = {L48},
          doi = {10.3847/2041-8213/aaedae},
archivePrefix = {arXiv},
       eprint = {1812.04046},
 primaryClass = {astro-ph.SR},
       adsurl = {https://ui.adsabs.harvard.edu/abs/2018ApJ...869L..48G},
      adsnote = {Provided by the SAO/NASA Astrophysics Data System}
}

@ARTICLE{yun-etal-2022,
       author = {{Yun}, Han-Gyeol and {Kim}, Woong-Tae and {Bae}, Jaehan and {Han}, Cheongho},
        title = "{Effects of Radiative Diffusion on Dynamical Corotation Torque in Three-dimensional Protoplanetary Disks}",
      journal = {\apj},
     keywords = {Planetary migration, Planetary-disk interactions, Protoplanetary disks, Radiative transfer, 2206, 2204, 1300, 1335, Astrophysics - Earth and Planetary Astrophysics},
         year = 2022,
        month = oct,
       volume = {938},
       number = {2},
          eid = {102},
        pages = {102},
          doi = {10.3847/1538-4357/ac9185},
archivePrefix = {arXiv},
       eprint = {2209.05417},
 primaryClass = {astro-ph.EP},
       adsurl = {https://ui.adsabs.harvard.edu/abs/2022ApJ...938..102Y},
      adsnote = {Provided by the SAO/NASA Astrophysics Data System}
}

@INPROCEEDINGS{crida-etal-2022,
       author = {{Crida}, A. and {Griveaud}, P. and {Lega}, E. and {Masset}, F. and {Morbidelli}, A. and {Kloster}, D. and {Marques}, L. and {Minker}, K.},
        title = "{On the use of the indirect term}",
     keywords = {Numerical simulations, accretion disks, planetary migration},
    booktitle = {SF2A-2022: Proceedings of the Annual meeting of the French Society of Astronomy and Astrophysics. Eds.: J. Richard},
         year = 2022,
       editor = {{Richard}, J. and {Siebert}, A. and {Lagadec}, E. and {Lagarde}, N. and {Venot}, O. and {Malzac}, J. and {Marquette}, J. -B. and {N'Diaye}, M. and {Briot}, B.},
        month = dec,
        pages = {315-317},
       adsurl = {https://ui.adsabs.harvard.edu/abs/2022sf2a.conf..315C},
      adsnote = {Provided by the SAO/NASA Astrophysics Data System}
}

@ARTICLE{baruteau-masset-2008b,
       author = {{Baruteau}, C. and {Masset}, F.},
        title = "{Type I Planetary Migration in a Self-Gravitating Disk}",
      journal = {\apj},
     keywords = {accretion, accretion disks, hydrodynamics, methods: numerical, planetary systems: formation, planetary systems: protoplanetary disks, Astrophysics},
         year = 2008,
        month = may,
       volume = {678},
       number = {1},
        pages = {483-497},
          doi = {10.1086/529487},
archivePrefix = {arXiv},
       eprint = {0801.4413},
 primaryClass = {astro-ph},
       adsurl = {https://ui.adsabs.harvard.edu/abs/2008ApJ...678..483B},
      adsnote = {Provided by the SAO/NASA Astrophysics Data System}
}

@ARTICLE{benitez-llambay-etal-2016,
       author = {{Ben{\'\i}tez-Llambay}, Pablo and {Masset}, Fr{\'e}d{\'e}ric S.},
        title = "{FARGO3D: A New GPU-oriented MHD Code}",
      journal = {\apjs},
     keywords = {accretion, accretion disks, hydrodynamics, magnetohydrodynamics: MHD, methods: numerical, protoplanetary disks, Astrophysics - Instrumentation and Methods for Astrophysics, Astrophysics - Earth and Planetary Astrophysics, Physics - Computational Physics},
         year = 2016,
        month = mar,
       volume = {223},
       number = {1},
          eid = {11},
        pages = {11},
          doi = {10.3847/0067-0049/223/1/11},
archivePrefix = {arXiv},
       eprint = {1602.02359},
 primaryClass = {astro-ph.IM},
       adsurl = {https://ui.adsabs.harvard.edu/abs/2016ApJS..223...11B},
      adsnote = {Provided by the SAO/NASA Astrophysics Data System}
}

@ARTICLE{lesur-etal-2023,
       author = {{Lesur}, G.~R.~J. and {Baghdadi}, S. and {Wafflard-Fernandez}, G. and {Mauxion}, J. and {Robert}, C.~M.~T. and {Van den Bossche}, M.},
        title = "{IDEFIX: a versatile performance-portable Godunov code for astrophysical flows}",
      journal = {arXiv e-prints},
     keywords = {Astrophysics - Instrumentation and Methods for Astrophysics, Astrophysics - High Energy Astrophysical Phenomena, Astrophysics - Solar and Stellar Astrophysics},
         year = 2023,
        month = apr,
          eid = {arXiv:2304.13746},
        pages = {arXiv:2304.13746},
          doi = {10.48550/arXiv.2304.13746},
archivePrefix = {arXiv},
       eprint = {2304.13746},
 primaryClass = {astro-ph.IM},
       adsurl = {https://ui.adsabs.harvard.edu/abs/2023arXiv230413746L},
      adsnote = {Provided by the SAO/NASA Astrophysics Data System}
}

@ARTICLE{mcnally-etal-2019b,
       author = {{McNally}, Colin P. and {Nelson}, Richard P. and {Paardekooper}, Sijme-Jan},
        title = "{Multiplanet systems in inviscid discs can avoid forming resonant chains}",
      journal = {\mnras},
     keywords = {planets and satellites: dynamical evolution and stability, planet-disc interactions, protoplanetary discs, Astrophysics - Earth and Planetary Astrophysics},
         year = 2019,
        month = oct,
       volume = {489},
       number = {1},
        pages = {L17-L21},
          doi = {10.1093/mnrasl/slz118},
archivePrefix = {arXiv},
       eprint = {1907.09313},
 primaryClass = {astro-ph.EP},
       adsurl = {https://ui.adsabs.harvard.edu/abs/2019MNRAS.489L..17M},
      adsnote = {Provided by the SAO/NASA Astrophysics Data System}
}

@ARTICLE{mcnally-etal-2019a,
       author = {{McNally}, Colin P. and {Nelson}, Richard P. and {Paardekooper}, Sijme-Jan and {Ben{\'\i}tez-Llambay}, Pablo},
        title = "{Migrating super-Earths in low-viscosity discs: unveiling the roles of feedback, vortices, and laminar accretion flows}",
      journal = {\mnras},
     keywords = {planets and satellites: dynamical evolution and stability, planet-disc interactions, protoplanetary discs, Astrophysics - Earth and Planetary Astrophysics},
         year = 2019,
        month = mar,
       volume = {484},
       number = {1},
        pages = {728-748},
          doi = {10.1093/mnras/stz023},
archivePrefix = {arXiv},
       eprint = {1811.12841},
 primaryClass = {astro-ph.EP},
       adsurl = {https://ui.adsabs.harvard.edu/abs/2019MNRAS.484..728M},
      adsnote = {Provided by the SAO/NASA Astrophysics Data System}
}

@ARTICLE{stone-norman-1992,
       author = {{Stone}, James M. and {Norman}, Michael L.},
        title = "{ZEUS-2D: A Radiation Magnetohydrodynamics Code for Astrophysical Flows in Two Space Dimensions. I. The Hydrodynamic Algorithms and Tests}",
      journal = {\apjs},
     keywords = {Computational Astrophysics, Cosmic Plasma, Hydrodynamic Equations, Magnetohydrodynamic Flow, Self Consistent Fields, Computational Grids, Finite Difference Theory, Plasma Radiation, Poisson Equation, Radiative Transfer, Astrophysics, HYDRODYNAMICS, MAGNETOHYDRODYNAMICS: MHD, METHODS: NUMERICAL, RADIATIVE TRANSFER},
         year = 1992,
        month = jun,
       volume = {80},
        pages = {753},
          doi = {10.1086/191680},
       adsurl = {https://ui.adsabs.harvard.edu/abs/1992ApJS...80..753S},
      adsnote = {Provided by the SAO/NASA Astrophysics Data System}
}

@ARTICLE{mcnally-etal-2017,
       author = {{McNally}, Colin P. and {Nelson}, Richard P. and {Paardekooper}, Sijme-Jan and {Gressel}, Oliver and {Lyra}, Wladimir},
        title = "{Low mass planet migration in magnetically torqued dead zones - I. Static migration torque}",
      journal = {\mnras},
     keywords = {planets and satellites: dynamical evolution and stability, planet-disc interactions, protoplanetary discs, Astrophysics - Earth and Planetary Astrophysics},
         year = 2017,
        month = dec,
       volume = {472},
       number = {2},
        pages = {1565-1575},
          doi = {10.1093/mnras/stx2136},
archivePrefix = {arXiv},
       eprint = {1708.05721},
 primaryClass = {astro-ph.EP},
       adsurl = {https://ui.adsabs.harvard.edu/abs/2017MNRAS.472.1565M},
      adsnote = {Provided by the SAO/NASA Astrophysics Data System}
}

@ARTICLE{trac-pen-2004,
       author = {{Trac}, Hy and {Pen}, Ue-Li},
        title = "{A moving frame algorithm for high Mach number hydrodynamics}",
      journal = {\na},
     keywords = {02.60.-Cb, 95.30.Lz, 95.75.Pq, 98.80-k, Hydrodynamics, Mathematical procedures and computer techniques, Astrophysics},
         year = 2004,
        month = jul,
       volume = {9},
       number = {6},
        pages = {443-465},
          doi = {10.1016/j.newast.2004.02.002},
archivePrefix = {arXiv},
       eprint = {astro-ph/0309599},
 primaryClass = {astro-ph},
       adsurl = {https://ui.adsabs.harvard.edu/abs/2004NewA....9..443T},
      adsnote = {Provided by the SAO/NASA Astrophysics Data System}
}

@ARTICLE{ryu-etal-1993,
       author = {{Ryu}, Dongsu and {Ostriker}, Jeremiah P. and {Kang}, Hyesung and {Cen}, Renyue},
        title = "{A Cosmological Hydrodynamic Code Based on the Total Variation Diminishing Scheme}",
      journal = {\apj},
     keywords = {Cosmology, Dark Matter, Hydrodynamic Equations, Mach Number, Shock Waves, Tvd Schemes, Entropy, Finite Difference Theory, Supersonic Flow, Thermal Energy, Astrophysics, COSMOLOGY: THEORY, HYDRODYNAMICS, METHODS: NUMERICAL, SHOCK WAVES},
         year = 1993,
        month = sep,
       volume = {414},
        pages = {1},
          doi = {10.1086/173051},
       adsurl = {https://ui.adsabs.harvard.edu/abs/1993ApJ...414....1R},
      adsnote = {Provided by the SAO/NASA Astrophysics Data System}
}

@ARTICLE{stone-etal-2008,
       author = {{Stone}, James M. and {Gardiner}, Thomas A. and {Teuben}, Peter and {Hawley}, John F. and {Simon}, Jacob B.},
        title = "{Athena: A New Code for Astrophysical MHD}",
      journal = {\apjs},
     keywords = {hydrodynamics, MHD, methods: numerical, Astrophysics},
         year = 2008,
        month = sep,
       volume = {178},
       number = {1},
        pages = {137-177},
          doi = {10.1086/588755},
archivePrefix = {arXiv},
       eprint = {0804.0402},
 primaryClass = {astro-ph},
       adsurl = {https://ui.adsabs.harvard.edu/abs/2008ApJS..178..137S},
      adsnote = {Provided by the SAO/NASA Astrophysics Data System}
}

@ARTICLE{cui-latter-2022,
       author = {{Cui}, Can and {Latter}, Henrik N.},
        title = "{The saturation of the VSI in protoplanetary discs via parametric instability}",
      journal = {\mnras},
     keywords = {hydrodynamics, instabilities, waves, protoplanetary discs, Astrophysics - Earth and Planetary Astrophysics},
         year = 2022,
        month = may,
       volume = {512},
       number = {2},
        pages = {1639-1647},
          doi = {10.1093/mnras/stac279},
archivePrefix = {arXiv},
       eprint = {2201.09038},
 primaryClass = {astro-ph.EP},
       adsurl = {https://ui.adsabs.harvard.edu/abs/2022MNRAS.512.1639C},
      adsnote = {Provided by the SAO/NASA Astrophysics Data System}
}

@ARTICLE{ziegler-2004,
       author = {{Ziegler}, U.},
        title = "{A central-constrained transport scheme for ideal magnetohydrodynamics}",
      journal = {Journal of Computational Physics},
     keywords = {02.60, 95.30.Qd, Magnetohydrodynamics and plasmas},
         year = 2004,
        month = may,
       volume = {196},
       number = {2},
        pages = {393-416},
          doi = {10.1016/j.jcp.2003.11.003},
       adsurl = {https://ui.adsabs.harvard.edu/abs/2004JCoPh.196..393Z},
      adsnote = {Provided by the SAO/NASA Astrophysics Data System}
}

@ARTICLE{lega-etal-2014,
       author = {{Lega}, E. and {Crida}, A. and {Bitsch}, B. and {Morbidelli}, A.},
        title = "{Migration of Earth-sized planets in 3D radiative discs}",
      journal = {\mnras},
     keywords = {hydrodynamics, methods: numerical, protoplanetary discs, planetary systems, Astrophysics - Earth and Planetary Astrophysics},
         year = 2014,
        month = may,
       volume = {440},
       number = {1},
        pages = {683-695},
          doi = {10.1093/mnras/stu304},
archivePrefix = {arXiv},
       eprint = {1402.2834},
 primaryClass = {astro-ph.EP},
       adsurl = {https://ui.adsabs.harvard.edu/abs/2014MNRAS.440..683L},
      adsnote = {Provided by the SAO/NASA Astrophysics Data System}
}

@ARTICLE{zhu-etal-2012,
       author = {{Zhu}, Zhaohuan and {Stone}, James M. and {Rafikov}, Roman R.},
        title = "{Planet-Disk Interaction in Three Dimensions: The Importance of Buoyancy Waves}",
      journal = {\apjl},
     keywords = {hydrodynamics, planet-disk interactions, stars: formation, stars: pre-main sequence, waves, Astrophysics - Earth and Planetary Astrophysics},
         year = 2012,
        month = oct,
       volume = {758},
       number = {2},
          eid = {L42},
        pages = {L42},
          doi = {10.1088/2041-8205/758/2/L42},
archivePrefix = {arXiv},
       eprint = {1209.4358},
 primaryClass = {astro-ph.EP},
       adsurl = {https://ui.adsabs.harvard.edu/abs/2012ApJ...758L..42Z},
      adsnote = {Provided by the SAO/NASA Astrophysics Data System}
}

@ARTICLE{ward-1997a,
       author = {{Ward}, William R.},
        title = "{Protoplanet Migration by Nebula Tides}",
      journal = {\icarus},
     keywords = {Earth Science, Earth Science},
         year = 1997,
        month = apr,
       volume = {126},
       number = {2},
        pages = {261-281},
          doi = {10.1006/icar.1996.5647},
       adsurl = {https://ui.adsabs.harvard.edu/abs/1997Icar..126..261W},
      adsnote = {Provided by the SAO/NASA Astrophysics Data System}
}

@ARTICLE{ward-1986,
       author = {{Ward}, W.~R.},
        title = "{Density waves in the solar nebula: Diffential Lindblad torque}",
      journal = {\icarus},
     keywords = {Accretion Disks, Density Wave Model, Orbit Perturbation, Planetary Evolution, Protoplanets, Solar Corona, Drift Rate, Orbit Decay, Resonance, Torque, Astrophysics, Earth Science, Earth Science},
         year = 1986,
        month = jul,
       volume = {67},
       number = {1},
        pages = {164-180},
          doi = {10.1016/0019-1035(86)90182-X},
       adsurl = {https://ui.adsabs.harvard.edu/abs/1986Icar...67..164W},
      adsnote = {Provided by the SAO/NASA Astrophysics Data System}
}

@ARTICLE{kimmig-etal-2020,
       author = {{Kimmig}, C.~N. and {Dullemond}, C.~P. and {Kley}, W.},
        title = "{Effect of wind-driven accretion on planetary migration}",
      journal = {\aap},
     keywords = {protoplanetary disks, planet-disk interactions, accretion, accretion disks, Astrophysics - Earth and Planetary Astrophysics},
         year = 2020,
        month = jan,
       volume = {633},
          eid = {A4},
        pages = {A4},
          doi = {10.1051/0004-6361/201936412},
archivePrefix = {arXiv},
       eprint = {1910.12889},
 primaryClass = {astro-ph.EP},
       adsurl = {https://ui.adsabs.harvard.edu/abs/2020A&A...633A...4K},
      adsnote = {Provided by the SAO/NASA Astrophysics Data System}
}

@ARTICLE{ziampras-etal-2023a,
       author = {{Ziampras}, Alexandros and {Nelson}, Richard P. and {Rafikov}, Roman R.},
        title = "{Modeling planet-induced gaps and rings in ALMA disks: the role of in-plane radiative diffusion}",
      journal = {arXiv e-prints},
     keywords = {Astrophysics - Earth and Planetary Astrophysics},
         year = 2023,
        month = may,
          eid = {arXiv:2305.14415},
        pages = {arXiv:2305.14415},
          doi = {10.48550/arXiv.2305.14415},
archivePrefix = {arXiv},
       eprint = {2305.14415},
 primaryClass = {astro-ph.EP},
       adsurl = {https://ui.adsabs.harvard.edu/abs/2023arXiv230514415Z},
      adsnote = {Provided by the SAO/NASA Astrophysics Data System}
}

@ARTICLE{baruteau-masset-2008a,
       author = {{Baruteau}, C. and {Masset}, F.},
        title = "{On the Corotation Torque in a Radiatively Inefficient Disk}",
      journal = {\apj},
     keywords = {accretion, accretion disks, hydrodynamics, methods: numerical, planetary systems: formation, planetary systems: protoplanetary disks, Astrophysics},
         year = 2008,
        month = jan,
       volume = {672},
       number = {2},
        pages = {1054-1067},
          doi = {10.1086/523667},
archivePrefix = {arXiv},
       eprint = {0709.2617},
 primaryClass = {astro-ph},
       adsurl = {https://ui.adsabs.harvard.edu/abs/2008ApJ...672.1054B},
      adsnote = {Provided by the SAO/NASA Astrophysics Data System}
}

@ARTICLE{yamaleev-carpenter-2009,
       author = {{Yamaleev}, Nail K. and {Carpenter}, Mark H.},
        title = "{Third-order Energy Stable WENO scheme}",
      journal = {Journal of Computational Physics},
         year = 2009,
        month = may,
       volume = {228},
       number = {8},
        pages = {3025-3047},
          doi = {10.1016/j.jcp.2009.01.011},
       adsurl = {https://ui.adsabs.harvard.edu/abs/2009JCoPh.228.3025Y},
      adsnote = {Provided by the SAO/NASA Astrophysics Data System}
}

@ARTICLE{masset-papaloizou-2003,
       author = {{Masset}, F.~S. and {Papaloizou}, J.~C.~B.},
        title = "{Runaway Migration and the Formation of Hot Jupiters}",
      journal = {\apj},
     keywords = {Accretion, Accretion Disks, Hydrodynamics, Methods: Numerical, Stars: Planetary Systems: Formation, Stars: Planetary Systems: Protoplanetary Disks, Astrophysics},
         year = 2003,
        month = may,
       volume = {588},
       number = {1},
        pages = {494-508},
          doi = {10.1086/373892},
archivePrefix = {arXiv},
       eprint = {astro-ph/0301171},
 primaryClass = {astro-ph},
       adsurl = {https://ui.adsabs.harvard.edu/abs/2003ApJ...588..494M},
      adsnote = {Provided by the SAO/NASA Astrophysics Data System}
}

@INPROCEEDINGS{papaloizou-etal-2007,
       author = {{Papaloizou}, J.~C.~B. and {Nelson}, R.~P. and {Kley}, W. and {Masset}, F.~S. and {Artymowicz}, P.},
        title = "{Disk-Planet Interactions During Planet Formation}",
     keywords = {Astrophysics},
    booktitle = {Protostars and Planets V},
         year = 2007,
       editor = {{Reipurth}, Bo and {Jewitt}, David and {Keil}, Klaus},
        month = jan,
        pages = {655},
          doi = {10.48550/arXiv.astro-ph/0603196},
archivePrefix = {arXiv},
       eprint = {astro-ph/0603196},
 primaryClass = {astro-ph},
       adsurl = {https://ui.adsabs.harvard.edu/abs/2007prpl.conf..655P},
      adsnote = {Provided by the SAO/NASA Astrophysics Data System}
}

@ARTICLE{benitez-etal-2015,
       author = {{Ben{\'\i}tez-Llambay}, Pablo and {Masset}, Fr{\'e}d{\'e}ric and {Koenigsberger}, Gloria and {Szul{\'a}gyi}, Judit},
        title = "{Planet heating prevents inward migration of planetary cores}",
      journal = {\nat},
     keywords = {Astrophysics - Earth and Planetary Astrophysics},
         year = 2015,
        month = apr,
       volume = {520},
       number = {7545},
        pages = {63-65},
          doi = {10.1038/nature14277},
archivePrefix = {arXiv},
       eprint = {1510.01778},
 primaryClass = {astro-ph.EP},
       adsurl = {https://ui.adsabs.harvard.edu/abs/2015Natur.520...63B},
      adsnote = {Provided by the SAO/NASA Astrophysics Data System}
}

@ARTICLE{masset-2017,
       author = {{Masset}, Fr{\'e}d{\'e}ric S.},
        title = "{Coorbital thermal torques on low-mass protoplanets}",
      journal = {\mnras},
     keywords = {diffusion, hydrodynamics, planets and satellites: formation, planet-disc interactions, protoplanetary discs, Astrophysics - Earth and Planetary Astrophysics},
         year = 2017,
        month = dec,
       volume = {472},
       number = {4},
        pages = {4204-4219},
          doi = {10.1093/mnras/stx2271},
archivePrefix = {arXiv},
       eprint = {1708.09807},
 primaryClass = {astro-ph.EP},
       adsurl = {https://ui.adsabs.harvard.edu/abs/2017MNRAS.472.4204M},
      adsnote = {Provided by the SAO/NASA Astrophysics Data System}
}

@ARTICLE{pierens-2015,
       author = {{Pierens}, A.},
        title = "{Fast migration of low-mass planets in radiative discs}",
      journal = {\mnras},
     keywords = {accretion, accretion discs, hydrodynamics, methods: numerical, planets and satellites: formation, planet-disc interactions, Astrophysics - Earth and Planetary Astrophysics},
         year = 2015,
        month = dec,
       volume = {454},
       number = {2},
        pages = {2003-2014},
          doi = {10.1093/mnras/stv2024},
archivePrefix = {arXiv},
       eprint = {1508.07817},
 primaryClass = {astro-ph.EP},
       adsurl = {https://ui.adsabs.harvard.edu/abs/2015MNRAS.454.2003P},
      adsnote = {Provided by the SAO/NASA Astrophysics Data System}
}

@ARTICLE{cummins-etal-2022,
       author = {{Cummins}, Daniel P. and {Owen}, James E. and {Booth}, Richard A.},
        title = "{Extreme pebble accretion in ringed protoplanetary discs}",
      journal = {\mnras},
     keywords = {accretion, accretion discs, planets and satellites: formation, planet-disc interactions, protoplanetary discs, Astrophysics - Earth and Planetary Astrophysics},
         year = 2022,
        month = sep,
       volume = {515},
       number = {1},
        pages = {1276-1295},
          doi = {10.1093/mnras/stac1819},
archivePrefix = {arXiv},
       eprint = {2206.13866},
 primaryClass = {astro-ph.EP},
       adsurl = {https://ui.adsabs.harvard.edu/abs/2022MNRAS.515.1276C},
      adsnote = {Provided by the SAO/NASA Astrophysics Data System}
}

@ARTICLE{wafflard-fernandez-lesur-2023,
       author = {{Wafflard-Fernandez}, Gaylor and {Lesur}, Geoffroy},
        title = "{Planet-disk-wind interaction: the magnetized fate of protoplanets}",
      journal = {arXiv e-prints},
     keywords = {Astrophysics - Solar and Stellar Astrophysics, Astrophysics - Earth and Planetary Astrophysics},
         year = 2023,
        month = may,
          eid = {arXiv:2305.11784},
        pages = {arXiv:2305.11784},
          doi = {10.48550/arXiv.2305.11784},
archivePrefix = {arXiv},
       eprint = {2305.11784},
 primaryClass = {astro-ph.SR},
       adsurl = {https://ui.adsabs.harvard.edu/abs/2023arXiv230511784W},
      adsnote = {Provided by the SAO/NASA Astrophysics Data System}
}

@ARTICLE{goldreich-tremaine-1979,
       author = {{Goldreich}, P. and {Tremaine}, S.},
        title = "{The excitation of density waves at the Lindblad and corotation resonances by an external potential.}",
      journal = {\apj},
     keywords = {Density Wave Model, Galactic Structure, Rotating Disks, Astrodynamics, Hydrodynamics, Resonance, Stellar Motions, Wave Excitation, Astrophysics, Gaseous Disks:Hydrodynamics},
         year = 1979,
        month = nov,
       volume = {233},
        pages = {857-871},
          doi = {10.1086/157448},
       adsurl = {https://ui.adsabs.harvard.edu/abs/1979ApJ...233..857G},
      adsnote = {Provided by the SAO/NASA Astrophysics Data System}
}

@ARTICLE{paardekooper-etal-2022,
       author = {{Paardekooper}, Sijme-Jan and {Dong}, Ruobing and {Duffell}, Paul and {Fung}, Jeffrey and {Masset}, Frederic S. and {Ogilvie}, Gordon and {Tanaka}, Hidekazu},
        title = "{Planet-Disk Interactions}",
      journal = {arXiv e-prints},
     keywords = {Astrophysics - Earth and Planetary Astrophysics, Astrophysics - Solar and Stellar Astrophysics},
         year = 2022,
        month = mar,
          eid = {arXiv:2203.09595},
        pages = {arXiv:2203.09595},
          doi = {10.48550/arXiv.2203.09595},
archivePrefix = {arXiv},
       eprint = {2203.09595},
 primaryClass = {astro-ph.EP},
       adsurl = {https://ui.adsabs.harvard.edu/abs/2022arXiv220309595P},
      adsnote = {Provided by the SAO/NASA Astrophysics Data System}
}

@ARTICLE{tanaka-etal-2002,
       author = {{Tanaka}, Hidekazu and {Takeuchi}, Taku and {Ward}, William R.},
        title = "{Three-Dimensional Interaction between a Planet and an Isothermal Gaseous Disk. I. Corotation and Lindblad Torques and Planet Migration}",
      journal = {\apj},
     keywords = {Stars: Planetary Systems: Formation, Stars: Planetary Systems: Protoplanetary Disks, Solar System: Formation, Waves},
         year = 2002,
        month = feb,
       volume = {565},
       number = {2},
        pages = {1257-1274},
          doi = {10.1086/324713},
       adsurl = {https://ui.adsabs.harvard.edu/abs/2002ApJ...565.1257T},
      adsnote = {Provided by the SAO/NASA Astrophysics Data System}
}

@ARTICLE{ward-1997b,
       author = {{Ward}, William R.},
        title = "{Survival of Planetary Systems}",
      journal = {\apjl},
     keywords = {ACCRETION, ACCRETION DISKS, SOLAR SYSTEM: FORMATION, STARS: PLANETARY SYSTEMS, Accretion, Accretion Disks, Stars: Planetary Systems, Solar System: Formation},
         year = 1997,
        month = jun,
       volume = {482},
       number = {2},
        pages = {L211-L214},
          doi = {10.1086/310701},
       adsurl = {https://ui.adsabs.harvard.edu/abs/1997ApJ...482L.211W},
      adsnote = {Provided by the SAO/NASA Astrophysics Data System}
}

@ARTICLE{mordasini-etal-2009a,
       author = {{Mordasini}, C. and {Alibert}, Y. and {Benz}, W.},
        title = "{Extrasolar planet population synthesis. I. Method, formation tracks, and mass-distance distribution}",
      journal = {\aap},
     keywords = {stars: planetary systems, stars: planetary systems: formation, stars: planetary systems: protoplanetary disks, planets and satellites: formation, solar system: formation, methods: numerical, Astrophysics - Earth and Planetary Astrophysics},
         year = 2009,
        month = jul,
       volume = {501},
       number = {3},
        pages = {1139-1160},
          doi = {10.1051/0004-6361/200810301},
archivePrefix = {arXiv},
       eprint = {0904.2524},
 primaryClass = {astro-ph.EP},
       adsurl = {https://ui.adsabs.harvard.edu/abs/2009A&A...501.1139M},
      adsnote = {Provided by the SAO/NASA Astrophysics Data System}
}

@ARTICLE{mordasini-etal-2009b,
       author = {{Mordasini}, C. and {Alibert}, Y. and {Benz}, W. and {Naef}, D.},
        title = "{Extrasolar planet population synthesis. II. Statistical comparison with observations}",
      journal = {\aap},
     keywords = {planetary systems, planetary systems: formation, planetary systems: protoplanetary disks, planets and satellites: formation, solar system: formation, Astrophysics - Earth and Planetary Astrophysics},
         year = 2009,
        month = jul,
       volume = {501},
       number = {3},
        pages = {1161-1184},
          doi = {10.1051/0004-6361/200810697},
archivePrefix = {arXiv},
       eprint = {0904.2542},
 primaryClass = {astro-ph.EP},
       adsurl = {https://ui.adsabs.harvard.edu/abs/2009A&A...501.1161M},
      adsnote = {Provided by the SAO/NASA Astrophysics Data System}
}

@ARTICLE{izidoro-etal-2017,
       author = {{Izidoro}, Andre and {Ogihara}, Masahiro and {Raymond}, Sean N. and {Morbidelli}, Alessandro and {Pierens}, Arnaud and {Bitsch}, Bertram and {Cossou}, Christophe and {Hersant}, Franck},
        title = "{Breaking the chains: hot super-Earth systems from migration and disruption of compact resonant chains}",
      journal = {\mnras},
     keywords = {methods: numerical, planets and satellites: dynamical evolution and stability, planets and satellites: formation, planet-disc interactions, protoplanetary discs, Astrophysics - Earth and Planetary Astrophysics},
         year = 2017,
        month = sep,
       volume = {470},
       number = {2},
        pages = {1750-1770},
          doi = {10.1093/mnras/stx1232},
archivePrefix = {arXiv},
       eprint = {1703.03634},
 primaryClass = {astro-ph.EP},
       adsurl = {https://ui.adsabs.harvard.edu/abs/2017MNRAS.470.1750I},
      adsnote = {Provided by the SAO/NASA Astrophysics Data System}
}

@ARTICLE{coleman-nelson-2014,
       author = {{Coleman}, Gavin A.~L. and {Nelson}, Richard P.},
        title = "{On the formation of planetary systems via oligarchic growth in thermally evolving viscous discs}",
      journal = {\mnras},
     keywords = {planets and satellites: formation, planet-disc interactions, protoplanetary discs - planetary systems, Astrophysics - Earth and Planetary Astrophysics},
         year = 2014,
        month = nov,
       volume = {445},
       number = {1},
        pages = {479-499},
          doi = {10.1093/mnras/stu1715},
archivePrefix = {arXiv},
       eprint = {1408.6993},
 primaryClass = {astro-ph.EP},
       adsurl = {https://ui.adsabs.harvard.edu/abs/2014MNRAS.445..479C},
      adsnote = {Provided by the SAO/NASA Astrophysics Data System}
}

@ARTICLE{paardekooper-etal-2011,
       author = {{Paardekooper}, S. -J. and {Baruteau}, C. and {Kley}, W.},
        title = "{A torque formula for non-isothermal Type I planetary migration - II. Effects of diffusion}",
      journal = {\mnras},
     keywords = {planets and satellites: formation, planet, disc interactions, Astrophysics - Earth and Planetary Astrophysics},
         year = 2011,
        month = jan,
       volume = {410},
       number = {1},
        pages = {293-303},
          doi = {10.1111/j.1365-2966.2010.17442.x},
archivePrefix = {arXiv},
       eprint = {1007.4964},
 primaryClass = {astro-ph.EP},
       adsurl = {https://ui.adsabs.harvard.edu/abs/2011MNRAS.410..293P},
      adsnote = {Provided by the SAO/NASA Astrophysics Data System}
}

@ARTICLE{bai-stone-2013,
       author = {{Bai}, Xue-Ning and {Stone}, James M.},
        title = "{Wind-driven Accretion in Protoplanetary Disks. I. Suppression of the Magnetorotational Instability and Launching of the Magnetocentrifugal Wind}",
      journal = {\apj},
     keywords = {accretion, accretion disks, instabilities, magnetohydrodynamics: MHD, methods: numerical, protoplanetary disks, turbulence, Astrophysics - Earth and Planetary Astrophysics, Astrophysics - High Energy Astrophysical Phenomena, Astrophysics - Solar and Stellar Astrophysics},
         year = 2013,
        month = may,
       volume = {769},
       number = {1},
          eid = {76},
        pages = {76},
          doi = {10.1088/0004-637X/769/1/76},
archivePrefix = {arXiv},
       eprint = {1301.0318},
 primaryClass = {astro-ph.EP},
       adsurl = {https://ui.adsabs.harvard.edu/abs/2013ApJ...769...76B},
      adsnote = {Provided by the SAO/NASA Astrophysics Data System}
}

@ARTICLE{lega-etal-2022,
       author = {{Lega}, E. and {Morbidelli}, A. and {Nelson}, R.~P. and {Ramos}, X.~S. and {Crida}, A. and {B{\'e}thune}, W. and {Batygin}, K.},
        title = "{Migration of Jupiter mass planets in discs with laminar accretion flows}",
      journal = {\aap},
     keywords = {protoplanetary disks, methods: numerical, planets and satellites: dynamical evolution and stability, planet-disk interactions, Astrophysics - Earth and Planetary Astrophysics},
         year = 2022,
        month = feb,
       volume = {658},
          eid = {A32},
        pages = {A32},
          doi = {10.1051/0004-6361/202141675},
archivePrefix = {arXiv},
       eprint = {2111.04594},
 primaryClass = {astro-ph.EP},
       adsurl = {https://ui.adsabs.harvard.edu/abs/2022A&A...658A..32L},
      adsnote = {Provided by the SAO/NASA Astrophysics Data System}
}

@ARTICLE{oberg-etal-2021,
       author = {{{\"O}berg}, Karin I. and {Guzm{\'a}n}, Viviana V. and {Walsh}, Catherine and {Aikawa}, Yuri and {Bergin}, Edwin A. and {Law}, Charles J. and {Loomis}, Ryan A. and {Alarc{\'o}n}, Felipe and {Andrews}, Sean M. and {Bae}, Jaehan and {Bergner}, Jennifer B. and {Boehler}, Yann and {Booth}, Alice S. and {Bosman}, Arthur D. and {Calahan}, Jenny K. and {Cataldi}, Gianni and {Cleeves}, L. Ilsedore and {Czekala}, Ian and {Furuya}, Kenji and {Huang}, Jane and {Ilee}, John D. and {Kurtovic}, Nicolas T. and {Le Gal}, Romane and {Liu}, Yao and {Long}, Feng and {M{\'e}nard}, Fran{\c{c}}ois and {Nomura}, Hideko and {P{\'e}rez}, Laura M. and {Qi}, Chunhua and {Schwarz}, Kamber R. and {Sierra}, Anibal and {Teague}, Richard and {Tsukagoshi}, Takashi and {Yamato}, Yoshihide and {van't Hoff}, Merel L.~R. and {Waggoner}, Abygail R. and {Wilner}, David J. and {Zhang}, Ke},
        title = "{Molecules with ALMA at Planet-forming Scales (MAPS). I. Program Overview and Highlights}",
      journal = {\apjs},
     keywords = {Astrochemistry, Protoplanetary disks, Planet formation, Astrobiology, Millimeter astronomy, Submillimeter astronomy, 75, 1300, 1241, 74, 1061, 1647, Astrophysics - Earth and Planetary Astrophysics, Astrophysics - Astrophysics of Galaxies, Astrophysics - Instrumentation and Methods for Astrophysics, Astrophysics - Solar and Stellar Astrophysics},
         year = 2021,
        month = nov,
       volume = {257},
       number = {1},
          eid = {1},
        pages = {1},
          doi = {10.3847/1538-4365/ac1432},
archivePrefix = {arXiv},
       eprint = {2109.06268},
 primaryClass = {astro-ph.EP},
       adsurl = {https://ui.adsabs.harvard.edu/abs/2021ApJS..257....1O},
      adsnote = {Provided by the SAO/NASA Astrophysics Data System}
}


@ARTICLE{casoli-masset-2009,
       author = {{Casoli}, J. and {Masset}, F.~S.},
        title = "{On the Horseshoe Drag of a Low-Mass Planet. I. Migration in Isothermal Disks}",
      journal = {\apj},
     keywords = {accretion, accretion disks, hydrodynamics, methods: numerical, planetary systems: formation, planetary systems: protoplanetary disks, Astrophysics - Earth and Planetary Astrophysics},
         year = 2009,
        month = sep,
       volume = {703},
       number = {1},
        pages = {845-856},
          doi = {10.1088/0004-637X/703/1/845},
archivePrefix = {arXiv},
       eprint = {0907.4677},
 primaryClass = {astro-ph.EP},
       adsurl = {https://ui.adsabs.harvard.edu/abs/2009ApJ...703..845C},
      adsnote = {Provided by the SAO/NASA Astrophysics Data System}
}

@ARTICLE{paardekooper-2014,
       author = {{Paardekooper}, S. -J.},
        title = "{Dynamical corotation torques on low-mass planets}",
      journal = {\mnras},
     keywords = {planets and satellites: formation, planet-disc interactions, Astrophysics - Earth and Planetary Astrophysics},
         year = 2014,
        month = nov,
       volume = {444},
       number = {3},
        pages = {2031-2042},
          doi = {10.1093/mnras/stu1542},
archivePrefix = {arXiv},
       eprint = {1409.0372},
 primaryClass = {astro-ph.EP},
       adsurl = {https://ui.adsabs.harvard.edu/abs/2014MNRAS.444.2031P},
      adsnote = {Provided by the SAO/NASA Astrophysics Data System}
}

@ARTICLE{coleman-nelson-2016,
       author = {{Coleman}, Gavin A.~L. and {Nelson}, Richard P.},
        title = "{Giant planet formation in radially structured protoplanetary discs}",
      journal = {\mnras},
     keywords = {planets and satellites: formation, planet-disc interactions, protoplanetary discs, planetary systems, Astrophysics - Earth and Planetary Astrophysics},
         year = 2016,
        month = aug,
       volume = {460},
       number = {3},
        pages = {2779-2795},
          doi = {10.1093/mnras/stw1177},
archivePrefix = {arXiv},
       eprint = {1604.05191},
 primaryClass = {astro-ph.EP},
       adsurl = {https://ui.adsabs.harvard.edu/abs/2016MNRAS.460.2779C},
      adsnote = {Provided by the SAO/NASA Astrophysics Data System}
}

@ARTICLE{lin-papaloizou-2010,
       author = {{Lin}, Min-Kai and {Papaloizou}, John C.~B.},
        title = "{Type III migration in a low-viscosity disc}",
      journal = {\mnras},
     keywords = {planetary systems: formation, planetary systems: protoplanetary discs, Astrophysics - Earth and Planetary Astrophysics},
         year = 2010,
        month = jul,
       volume = {405},
       number = {3},
        pages = {1473-1490},
          doi = {10.1111/j.1365-2966.2010.16560.x},
archivePrefix = {arXiv},
       eprint = {1002.3742},
 primaryClass = {astro-ph.EP},
       adsurl = {https://ui.adsabs.harvard.edu/abs/2010MNRAS.405.1473L},
      adsnote = {Provided by the SAO/NASA Astrophysics Data System}
}

@ARTICLE{ward-hourigan-1989,
       author = {{Ward}, William R. and {Hourigan}, Kerry},
        title = "{Orbital Migration of Protoplanets: The Inertial Limit}",
      journal = {\apj},
     keywords = {Planetary Evolution, Protoplanets, Equations Of Motion, Mathematical Models, Solar System, Astrophysics, HYDRODYNAMICS, PLANETS: FORMATION, SOLAR SYSTEM: GENERAL},
         year = 1989,
        month = dec,
       volume = {347},
        pages = {490},
          doi = {10.1086/168138},
       adsurl = {https://ui.adsabs.harvard.edu/abs/1989ApJ...347..490W},
      adsnote = {Provided by the SAO/NASA Astrophysics Data System}
}

@ARTICLE{hourigan-ward-1984,
       author = {{Hourigan}, K. and {Ward}, W.~R.},
        title = "{Radial migration of preplanetary material: Implications for the accretion time scale problem}",
      journal = {\icarus},
     keywords = {Planetary Evolution, Planetology, Protoplanets, Solar Planetary Interactions, Accumulations, Astronomical Models, Density Wave Model, Drift, Solar Corona, PLANETS, ACCRETION, TIME SCALE, PLANETESIMALS, DENSITY WAVES, MODELS, INTERACTION, MASS, SIZE, PHYSICAL PROPERTIES, FORMATION, PARAMETERS, AERODYNAMICS, DRAG, Astrophysics; Planets, Earth Science},
         year = 1984,
        month = oct,
       volume = {60},
       number = {1},
        pages = {29-39},
          doi = {10.1016/0019-1035(84)90136-2},
       adsurl = {https://ui.adsabs.harvard.edu/abs/1984Icar...60...29H},
      adsnote = {Provided by the SAO/NASA Astrophysics Data System}
}

@ARTICLE{ziampras-etal-2024,
       author = {{Ziampras}, Alexandros and {Nelson}, Richard P. and {Paardekooper}, Sijme-Jan},
        title = "{Migration of low-mass planets in inviscid disks: the effect of radiation transport on the dynamical corotation torque}",
      journal = {arXiv e-prints},
     keywords = {Astrophysics - Earth and Planetary Astrophysics},
         year = 2024,
        month = jan,
          eid = {arXiv:2402.00125},
        pages = {arXiv:2402.00125},
          doi = {10.48550/arXiv.2402.00125},
archivePrefix = {arXiv},
       eprint = {2402.00125},
 primaryClass = {astro-ph.EP},
       adsurl = {https://ui.adsabs.harvard.edu/abs/2024arXiv240200125Z},
      adsnote = {Provided by the SAO/NASA Astrophysics Data System}
}

@ARTICLE{ziampras-etal-2023b,
       author = {{Ziampras}, Alexandros and {Paardekooper}, Sijme-Jan and {Nelson}, Richard P.},
        title = "{Buoyancy response of a disc to an embedded planet: a cross-code comparison at high resolution}",
      journal = {\mnras},
     keywords = {accretion discs, hydrodynamics, methods: numerical, planet-disc interactions, Astrophysics - Earth and Planetary Astrophysics, Physics - Fluid Dynamics},
         year = 2023,
        month = nov,
       volume = {525},
       number = {4},
        pages = {5893-5904},
          doi = {10.1093/mnras/stad2692},
archivePrefix = {arXiv},
       eprint = {2308.14896},
 primaryClass = {astro-ph.EP},
       adsurl = {https://ui.adsabs.harvard.edu/abs/2023MNRAS.525.5893Z},
      adsnote = {Provided by the SAO/NASA Astrophysics Data System}
}

@ARTICLE{lubow-zhu-2014,
       author = {{Lubow}, Stephen H. and {Zhu}, Zhaohuan},
        title = "{An Analytic Model for Buoyancy Resonances in Protoplanetary Disks}",
      journal = {\apj},
     keywords = {hydrodynamics, planet-disk interactions, stars: formation, stars: pre-main sequence, waves, Astrophysics - Earth and Planetary Astrophysics},
         year = 2014,
        month = apr,
       volume = {785},
       number = {1},
          eid = {32},
        pages = {32},
          doi = {10.1088/0004-637X/785/1/32},
archivePrefix = {arXiv},
       eprint = {1402.4162},
 primaryClass = {astro-ph.EP},
       adsurl = {https://ui.adsabs.harvard.edu/abs/2014ApJ...785...32L},
      adsnote = {Provided by the SAO/NASA Astrophysics Data System}
}

@ARTICLE{hayashi-1981,
       author = {{Hayashi}, C.},
        title = "{Structure of the Solar Nebula, Growth and Decay of Magnetic Fields and Effects of Magnetic and Turbulent Viscosities on the Nebula}",
      journal = {Progress of Theoretical Physics Supplement},
         year = 1981,
        month = jan,
       volume = {70},
        pages = {35-53},
          doi = {10.1143/PTPS.70.35},
       adsurl = {https://ui.adsabs.harvard.edu/abs/1981PThPS..70...35H},
      adsnote = {Provided by the SAO/NASA Astrophysics Data System}
}

@ARTICLE{bai-etal-2016,
       author = {{Bai}, Xue-Ning and {Ye}, Jiani and {Goodman}, Jeremy and {Yuan}, Feng},
        title = "{Magneto-thermal Disk Winds from Protoplanetary Disks}",
      journal = {\apj},
     keywords = {accretion, accretion disks, magnetohydrodynamics: MHD, methods: numerical, protoplanetary disks, Astrophysics - Earth and Planetary Astrophysics, Astrophysics - High Energy Astrophysical Phenomena},
         year = 2016,
        month = feb,
       volume = {818},
       number = {2},
          eid = {152},
        pages = {152},
          doi = {10.3847/0004-637X/818/2/152},
archivePrefix = {arXiv},
       eprint = {1511.06769},
 primaryClass = {astro-ph.EP},
       adsurl = {https://ui.adsabs.harvard.edu/abs/2016ApJ...818..152B},
      adsnote = {Provided by the SAO/NASA Astrophysics Data System}
}

@ARTICLE{gressel-2015,
       author = {{Gressel}, Oliver and {Turner}, Neal J. and {Nelson}, Richard P. and {McNally}, Colin P.},
        title = "{Global Simulations of Protoplanetary Disks With Ohmic Resistivity and Ambipolar Diffusion}",
      journal = {\apj},
     keywords = {accretion, accretion disks, magnetohydrodynamics: MHD, methods: numerical, protoplanetary disks, Astrophysics - Earth and Planetary Astrophysics},
         year = 2015,
        month = mar,
       volume = {801},
       number = {2},
          eid = {84},
        pages = {84},
          doi = {10.1088/0004-637X/801/2/84},
archivePrefix = {arXiv},
       eprint = {1501.05431},
 primaryClass = {astro-ph.EP},
       adsurl = {https://ui.adsabs.harvard.edu/abs/2015ApJ...801...84G},
      adsnote = {Provided by the SAO/NASA Astrophysics Data System}
}

@ARTICLE{birnstiel-2023,
       author = {{Birnstiel}, Tilman},
        title = "{Dust growth and evolution in protoplanetary disks}",
      journal = {arXiv e-prints},
     keywords = {Astrophysics - Earth and Planetary Astrophysics, Astrophysics - Solar and Stellar Astrophysics},
         year = 2023,
        month = dec,
          eid = {arXiv:2312.13287},
        pages = {arXiv:2312.13287},
          doi = {10.48550/arXiv.2312.13287},
archivePrefix = {arXiv},
       eprint = {2312.13287},
 primaryClass = {astro-ph.EP},
       adsurl = {https://ui.adsabs.harvard.edu/abs/2023arXiv231213287B},
      adsnote = {Provided by the SAO/NASA Astrophysics Data System}
}

@ARTICLE{stammler-birnstiel-2022,
       author = {{Stammler}, Sebastian M. and {Birnstiel}, Tilman},
        title = "{DustPy: A Python Package for Dust Evolution in Protoplanetary Disks}",
      journal = {\apj},
     keywords = {Protoplanetary disks, Astronomy software, Astronomical simulations, Circumstellar dust, Planet formation, Planetesimals, 1300, 1855, 1857, 236, 1241, 1259, Astrophysics - Earth and Planetary Astrophysics, Astrophysics - Instrumentation and Methods for Astrophysics},
         year = 2022,
        month = aug,
       volume = {935},
       number = {1},
          eid = {35},
        pages = {35},
          doi = {10.3847/1538-4357/ac7d58},
archivePrefix = {arXiv},
       eprint = {2207.00322},
 primaryClass = {astro-ph.EP},
       adsurl = {https://ui.adsabs.harvard.edu/abs/2022ApJ...935...35S},
      adsnote = {Provided by the SAO/NASA Astrophysics Data System}
}

@ARTICLE{flock-etal-2017a,
       author = {{Flock}, M. and {Fromang}, S. and {Turner}, N.~J. and {Benisty}, M.},
        title = "{3D Radiation Nonideal Magnetohydrodynamical Simulations of the Inner Rim in Protoplanetary Disks}",
      journal = {\apj},
     keywords = {accretion, accretion disks, magnetohydrodynamics: MHD, protoplanetary disks, radiative transfer, Astrophysics - Earth and Planetary Astrophysics},
         year = 2017,
        month = feb,
       volume = {835},
       number = {2},
          eid = {230},
        pages = {230},
          doi = {10.3847/1538-4357/835/2/230},
archivePrefix = {arXiv},
       eprint = {1612.02740},
 primaryClass = {astro-ph.EP},
       adsurl = {https://ui.adsabs.harvard.edu/abs/2017ApJ...835..230F},
      adsnote = {Provided by the SAO/NASA Astrophysics Data System}
}

@ARTICLE{guilera-etal-2023,
       author = {{Guilera}, Octavio M. and {Benitez-Llambay}, Pablo and {Miller Bertolami}, Marcelo M. and {Pessah}, Martin E.},
        title = "{Quantifying the Impact of the Dust Torque on the Migration of Low-mass Planets}",
      journal = {\apj},
     keywords = {Protoplanetary disks, Planetary-disk interactions, Planet formation, Planetary migration, 1300, 2204, 1241, 2206, Astrophysics - Earth and Planetary Astrophysics},
         year = 2023,
        month = aug,
       volume = {953},
       number = {1},
          eid = {97},
        pages = {97},
          doi = {10.3847/1538-4357/acd2cb},
archivePrefix = {arXiv},
       eprint = {2305.02140},
 primaryClass = {astro-ph.EP},
       adsurl = {https://ui.adsabs.harvard.edu/abs/2023ApJ...953...97G},
      adsnote = {Provided by the SAO/NASA Astrophysics Data System}
}

@ARTICLE{dominik-dullemond-2024,
       author = {{Dominik}, C. and {Dullemond}, C.~P.},
        title = "{The bouncing barrier revisited: Impact on key planet formation processes and observational signatures}",
      journal = {\aap},
     keywords = {methods: numerical, planets and satellites: formation, protoplanetary disks, planetary systems, infrared: planetary systems, submillimeter: planetary systems, Astrophysics - Earth and Planetary Astrophysics},
         year = 2024,
        month = feb,
       volume = {682},
          eid = {A144},
        pages = {A144},
          doi = {10.1051/0004-6361/202347716},
archivePrefix = {arXiv},
       eprint = {2312.06000},
 primaryClass = {astro-ph.EP},
       adsurl = {https://ui.adsabs.harvard.edu/abs/2024A&A...682A.144D},
      adsnote = {Provided by the SAO/NASA Astrophysics Data System}
}

@ARTICLE{zhang-etal-2024,
       author = {{Zhang}, Minghao and {Huang}, Pinghui and {Dong}, Ruobing},
        title = "{The Dependence of the Structure of Planet-opened Gaps in Protoplanetary Disks on Radiative Cooling}",
      journal = {\apj},
     keywords = {Protoplanetary disks, Planetary system formation, Planetary-disk interactions, Planet formation, 1300, 1257, 2204, 1241, Astrophysics - Earth and Planetary Astrophysics},
         year = 2024,
        month = jan,
       volume = {961},
       number = {1},
          eid = {86},
        pages = {86},
          doi = {10.3847/1538-4357/ad055c},
archivePrefix = {arXiv},
       eprint = {2310.11757},
 primaryClass = {astro-ph.EP},
       adsurl = {https://ui.adsabs.harvard.edu/abs/2024ApJ...961...86Z},
      adsnote = {Provided by the SAO/NASA Astrophysics Data System}
}

@ARTICLE{lovascio-etal-2022,
       author = {{Lovascio}, Francesco and {Paardekooper}, Sijme-Jan and {McNally}, Colin},
        title = "{Dynamics of dusty vortices - II. Stability of 2D dust-laden vortices}",
      journal = {\mnras},
     keywords = {hydrodynamics, methods: numerical, planets and satellites: formation, protoplanetary discs, Astrophysics - Earth and Planetary Astrophysics},
         year = 2022,
        month = oct,
       volume = {516},
       number = {2},
        pages = {1635-1643},
          doi = {10.1093/mnras/stac2269},
archivePrefix = {arXiv},
       eprint = {2209.03140},
 primaryClass = {astro-ph.EP},
       adsurl = {https://ui.adsabs.harvard.edu/abs/2022MNRAS.516.1635L},
      adsnote = {Provided by the SAO/NASA Astrophysics Data System}
}
@ARTICLE{hammer-etal-2017,
       author = {{Hammer}, Michael and {Kratter}, Kaitlin M. and {Lin}, Min-Kai},
        title = "{Slowly-growing gap-opening planets trigger weaker vortices}",
      journal = {\mnras},
     keywords = {hydrodynamics, instabilities, methods: numerical, planet, disc interactions, protoplanetary discs, Astrophysics - Earth and Planetary Astrophysics},
         year = 2017,
        month = apr,
       volume = {466},
       number = {3},
        pages = {3533-3543},
          doi = {10.1093/mnras/stw3000},
archivePrefix = {arXiv},
       eprint = {1610.01606},
 primaryClass = {astro-ph.EP},
       adsurl = {https://ui.adsabs.harvard.edu/abs/2017MNRAS.466.3533H},
      adsnote = {Provided by the SAO/NASA Astrophysics Data System}
}


@ARTICLE{hammer-etal-2019,
       author = {{Hammer}, Michael and {Pinilla}, Paola and {Kratter}, Kaitlin M. and {Lin}, Min-Kai},
        title = "{Observational diagnostics of elongated planet-induced vortices with realistic planet formation time-scales}",
      journal = {\mnras},
     keywords = {hydrodynamics, methods: numerical, protoplanetary discs, Astrophysics - Earth and Planetary Astrophysics},
         year = 2019,
        month = jan,
       volume = {482},
       number = {3},
        pages = {3609-3621},
          doi = {10.1093/mnras/sty2946},
archivePrefix = {arXiv},
       eprint = {1809.07391},
 primaryClass = {astro-ph.EP},
       adsurl = {https://ui.adsabs.harvard.edu/abs/2019MNRAS.482.3609H},
      adsnote = {Provided by the SAO/NASA Astrophysics Data System}
}


@ARTICLE{hammer-etal-2021,
       author = {{Hammer}, Michael and {Lin}, Min-Kai and {Kratter}, Kaitlin M. and {Pinilla}, Paola},
        title = "{Which planets trigger longer lived vortices: low-mass or high-mass?}",
      journal = {\mnras},
     keywords = {hydrodynamics, instabilities, methods: numerical, protoplanetary discs, Astrophysics - Earth and Planetary Astrophysics},
         year = 2021,
        month = jul,
       volume = {504},
       number = {3},
        pages = {3963-3985},
          doi = {10.1093/mnras/stab1079},
archivePrefix = {arXiv},
       eprint = {2104.02782},
 primaryClass = {astro-ph.EP},
       adsurl = {https://ui.adsabs.harvard.edu/abs/2021MNRAS.504.3963H},
      adsnote = {Provided by the SAO/NASA Astrophysics Data System}
}

@ARTICLE{krapp-etal-2024,
       author = {{Krapp}, Leonardo and {Kratter}, Kaitlin M. and {Youdin}, Andrew N. and {Ben{\'\i}tez-Llambay}, Pablo and {Masset}, Fr{\'e}d{\'e}ric and {Armitage}, Philip J.},
        title = "{A thermodynamic criterion for the formation of Circumplanetary Disks}",
      journal = {arXiv e-prints},
     keywords = {Astrophysics - Earth and Planetary Astrophysics},
         year = 2024,
        month = feb,
          eid = {arXiv:2402.14638},
        pages = {arXiv:2402.14638},
          doi = {10.48550/arXiv.2402.14638},
archivePrefix = {arXiv},
       eprint = {2402.14638},
 primaryClass = {astro-ph.EP},
       adsurl = {https://ui.adsabs.harvard.edu/abs/2024arXiv240214638K},
      adsnote = {Provided by the SAO/NASA Astrophysics Data System}
}

@ARTICLE{pfeil-etal-2023,
       author = {{Pfeil}, Thomas and {Birnstiel}, Tilman and {Klahr}, Hubert},
        title = "{Dust Coagulation Reconciles Protoplanetary Disk Observations with the Vertical Shear Instability. I. Dust Coagulation and the VSI Dead Zone}",
      journal = {\apj},
     keywords = {Protoplanetary disks, Hydrodynamical simulations, Relaxation time, Astrophysical dust processes, 1300, 767, 1394, 99, Astrophysics - Earth and Planetary Astrophysics},
         year = 2023,
        month = dec,
       volume = {959},
       number = {2},
          eid = {121},
        pages = {121},
          doi = {10.3847/1538-4357/ad00af},
archivePrefix = {arXiv},
       eprint = {2310.07332},
 primaryClass = {astro-ph.EP},
       adsurl = {https://ui.adsabs.harvard.edu/abs/2023ApJ...959..121P},
      adsnote = {Provided by the SAO/NASA Astrophysics Data System}
}

@ARTICLE{robinson-etal-2024,
       author = {{Robinson}, Alfie and {Booth}, Richard A. and {Owen}, James E.},
        title = "{Introducing CUDISC: a 2D code for protoplanetary disc structure and evolution calculations}",
      journal = {\mnras},
     keywords = {methods: numerical, protoplanetary discs, stars: pre-main-sequence, Astrophysics - Earth and Planetary Astrophysics, Astrophysics - Instrumentation and Methods for Astrophysics},
         year = 2024,
        month = apr,
       volume = {529},
       number = {2},
        pages = {1524-1541},
          doi = {10.1093/mnras/stae624},
archivePrefix = {arXiv},
       eprint = {2402.18471},
 primaryClass = {astro-ph.EP},
       adsurl = {https://ui.adsabs.harvard.edu/abs/2024MNRAS.529.1524R},
      adsnote = {Provided by the SAO/NASA Astrophysics Data System}
}

@ARTICLE{muley-etal-2023,
       author = {{Muley}, Dhruv and {Melon Fuksman}, Julio David and {Klahr}, Hubert},
        title = "{Three-temperature radiation hydrodynamics with PLUTO. Tests and applications in the context of protoplanetary disks}",
      journal = {\aap},
     keywords = {radiative transfer, hydrodynamics, protoplanetary disks, methods: numerical, Astrophysics - Instrumentation and Methods for Astrophysics, Astrophysics - Earth and Planetary Astrophysics, Astrophysics - Solar and Stellar Astrophysics},
         year = 2023,
        month = oct,
       volume = {678},
          eid = {A162},
        pages = {A162},
          doi = {10.1051/0004-6361/202347101},
archivePrefix = {arXiv},
       eprint = {2308.03504},
 primaryClass = {astro-ph.IM},
       adsurl = {https://ui.adsabs.harvard.edu/abs/2023A&A...678A.162M},
      adsnote = {Provided by the SAO/NASA Astrophysics Data System}
}

@ARTICLE{svanberg-etal-2022,
       author = {{Svanberg}, Eleonora and {Cui}, Can and {Latter}, Henrik N.},
        title = "{Wavelike nature of the vertical shear instability in global protoplanetary discs}",
      journal = {\mnras},
     keywords = {hydrodynamics, instabilities, waves, protoplanetary discs, Astrophysics - Earth and Planetary Astrophysics},
         year = 2022,
        month = aug,
       volume = {514},
       number = {3},
        pages = {4581-4587},
          doi = {10.1093/mnras/stac1598},
archivePrefix = {arXiv},
       eprint = {2206.03840},
 primaryClass = {astro-ph.EP},
       adsurl = {https://ui.adsabs.harvard.edu/abs/2022MNRAS.514.4581S},
      adsnote = {Provided by the SAO/NASA Astrophysics Data System}
}

@ARTICLE{zubko-etal-1996,
       author = {{Zubko}, V.~G. and {Mennella}, V. and {Colangeli}, L. and {Bussoletti}, E.},
        title = "{Optical constants of cosmic carbon analogue grains - I. Simulation of clustering by a modified continuous distribution of ellipsoids}",
      journal = {\mnras},
     keywords = {STARS: CARBON, CIRCUMSTELLAR MATTER, DUST, EXTINCTION},
         year = 1996,
        month = oct,
       volume = {282},
       number = {4},
        pages = {1321-1329},
          doi = {10.1093/mnras/282.4.1321},
       adsurl = {https://ui.adsabs.harvard.edu/abs/1996MNRAS.282.1321Z},
      adsnote = {Provided by the SAO/NASA Astrophysics Data System}
}

@software{dominik-etal-2021,
       author = {{Dominik}, Carsten and {Min}, Michiel and {Tazaki}, Ryo},
        title = "{OpTool: Command-line driven tool for creating complex dust opacities}",
 howpublished = {Astrophysics Source Code Library, record ascl:2104.010},
         year = 2021,
        month = apr,
          eid = {ascl:2104.010},
       adsurl = {https://ui.adsabs.harvard.edu/abs/2021ascl.soft04010D},
      adsnote = {Provided by the SAO/NASA Astrophysics Data System}
}

@ARTICLE{min-etal-2005,
       author = {{Min}, M. and {Hovenier}, J.~W. and {de Koter}, A.},
        title = "{Modeling optical properties of cosmic dust grains using a distribution of hollow spheres}",
      journal = {\aap},
     keywords = {polarisation, scattering, stars: circumstellar matter, infrared: general, Astrophysics},
         year = 2005,
        month = mar,
       volume = {432},
       number = {3},
        pages = {909-920},
          doi = {10.1051/0004-6361:20041920},
archivePrefix = {arXiv},
       eprint = {astro-ph/0503068},
 primaryClass = {astro-ph},
       adsurl = {https://ui.adsabs.harvard.edu/abs/2005A&A...432..909M},
      adsnote = {Provided by the SAO/NASA Astrophysics Data System}
}

@ARTICLE{owen-2020,
       author = {{Owen}, James E.},
        title = "{Snow lines can be thermally unstable}",
      journal = {\mnras},
     keywords = {astrochemistry, protoplanetary discs, Astrophysics - Earth and Planetary Astrophysics, Astrophysics - Astrophysics of Galaxies, Astrophysics - Solar and Stellar Astrophysics},
         year = 2020,
        month = jul,
       volume = {495},
       number = {3},
        pages = {3160-3174},
          doi = {10.1093/mnras/staa1309},
archivePrefix = {arXiv},
       eprint = {2005.03665},
 primaryClass = {astro-ph.EP},
       adsurl = {https://ui.adsabs.harvard.edu/abs/2020MNRAS.495.3160O},
      adsnote = {Provided by the SAO/NASA Astrophysics Data System}
}

@ARTICLE{bethune-etal-2017,
       author = {{B{\'e}thune}, William and {Lesur}, Geoffroy and {Ferreira}, Jonathan},
        title = "{Global simulations of protoplanetary disks with net magnetic flux. I. Non-ideal MHD case}",
      journal = {\aap},
     keywords = {accretion, accretion disks, magnetohydrodynamics (MHD), protoplanetary disks, stars: formation, turbulence, Astrophysics - Earth and Planetary Astrophysics},
         year = 2017,
        month = apr,
       volume = {600},
          eid = {A75},
        pages = {A75},
          doi = {10.1051/0004-6361/201630056},
archivePrefix = {arXiv},
       eprint = {1612.00883},
 primaryClass = {astro-ph.EP},
       adsurl = {https://ui.adsabs.harvard.edu/abs/2017A&A...600A..75B},
      adsnote = {Provided by the SAO/NASA Astrophysics Data System}
}

@ARTICLE{aoyama-bai-2023,
       author = {{Aoyama}, Yuhiko and {Bai}, Xue-Ning},
        title = "{Three-dimensional Global Simulations of Type-II Planet-Disk Interaction with a Magnetized Disk Wind. I. Magnetic Flux Concentration and Gap Properties}",
      journal = {\apj},
     keywords = {Magnetohydrodynamical simulations, Protoplanetary disks, Planet formation, Planetary migration, Planetary-disk interactions, Hydrodynamical simulations, Stellar accretion disks, 1966, 1300, 1241, 2206, 2204, 767, 1579, Astrophysics - Earth and Planetary Astrophysics},
         year = 2023,
        month = mar,
       volume = {946},
       number = {1},
          eid = {5},
        pages = {5},
          doi = {10.3847/1538-4357/acb81f},
archivePrefix = {arXiv},
       eprint = {2302.01514},
 primaryClass = {astro-ph.EP},
       adsurl = {https://ui.adsabs.harvard.edu/abs/2023ApJ...946....5A},
      adsnote = {Provided by the SAO/NASA Astrophysics Data System}
}

@ARTICLE{bi-etal-2023,
       author = {{Bi}, Jiaqing and {Lin}, Min-Kai and {Dong}, Ruobing},
        title = "{Gap-opening Planets Make Dust Rings Wider}",
      journal = {\apj},
     keywords = {Protoplanetary disks, Planet formation, Circumstellar dust, Astrophysical dust processes, Astronomical simulations, 1300, 1241, 236, 99, 1857, Astrophysics - Earth and Planetary Astrophysics},
         year = 2023,
        month = jan,
       volume = {942},
       number = {2},
          eid = {80},
        pages = {80},
          doi = {10.3847/1538-4357/aca1b1},
archivePrefix = {arXiv},
       eprint = {2210.11488},
 primaryClass = {astro-ph.EP},
       adsurl = {https://ui.adsabs.harvard.edu/abs/2023ApJ...942...80B},
      adsnote = {Provided by the SAO/NASA Astrophysics Data System}
}

@ARTICLE{fung-etal-2019,
       author = {{Fung}, Jeffrey and {Zhu}, Zhaohuan and {Chiang}, Eugene},
        title = "{Circumplanetary Disk Dynamics in the Isothermal and Adiabatic Limits}",
      journal = {\apj},
     keywords = {Exoplanet atmospheres, Exoplanet structure, Exoplanet evolution, Exoplanets, Protoplanetary disks, Extrasolar gas giants, Hydrodynamical simulations, Accretion, Satellite formation, Exoplanet formation, Planet formation, Natural satellites: Solar system, 487, 495, 491, 498, 1300, 509, 767, 14, 1425, 492, 1241, 1089, Astrophysics - Earth and Planetary Astrophysics},
         year = 2019,
        month = dec,
       volume = {887},
       number = {2},
          eid = {152},
        pages = {152},
          doi = {10.3847/1538-4357/ab53da},
archivePrefix = {arXiv},
       eprint = {1909.09655},
 primaryClass = {astro-ph.EP},
       adsurl = {https://ui.adsabs.harvard.edu/abs/2019ApJ...887..152F},
      adsnote = {Provided by the SAO/NASA Astrophysics Data System}
}

@ARTICLE{birnstiel-etal-2012,
       author = {{Birnstiel}, T. and {Klahr}, H. and {Ercolano}, B.},
        title = "{A simple model for the evolution of the dust population in protoplanetary disks}",
      journal = {\aap},
     keywords = {accretion, accretion disks, protoplanetary disks, stars: pre-main sequence, circumstellar matter, planets and satellites: formation, Astrophysics - Earth and Planetary Astrophysics, Astrophysics - Solar and Stellar Astrophysics},
         year = 2012,
        month = mar,
       volume = {539},
          eid = {A148},
        pages = {A148},
          doi = {10.1051/0004-6361/201118136},
archivePrefix = {arXiv},
       eprint = {1201.5781},
 primaryClass = {astro-ph.EP},
       adsurl = {https://ui.adsabs.harvard.edu/abs/2012A&A...539A.148B},
      adsnote = {Provided by the SAO/NASA Astrophysics Data System}
}

@ARTICLE{pinilla-etal-2012,
       author = {{Pinilla}, P. and {Birnstiel}, T. and {Ricci}, L. and {Dullemond}, C.~P. and {Uribe}, A.~L. and {Testi}, L. and {Natta}, A.},
        title = "{Trapping dust particles in the outer regions of protoplanetary disks}",
      journal = {\aap},
     keywords = {circumstellar matter, accretion, accretion disks, stars: pre-main sequence, planet and satellites: formation, protoplanetary disks, Astrophysics - Earth and Planetary Astrophysics},
         year = 2012,
        month = feb,
       volume = {538},
          eid = {A114},
        pages = {A114},
          doi = {10.1051/0004-6361/201118204},
archivePrefix = {arXiv},
       eprint = {1112.2349},
 primaryClass = {astro-ph.EP},
       adsurl = {https://ui.adsabs.harvard.edu/abs/2012A&A...538A.114P},
      adsnote = {Provided by the SAO/NASA Astrophysics Data System}
}

@ARTICLE{petersen-etal-2007a,
       author = {{Petersen}, Mark R. and {Julien}, Keith and {Stewart}, Glen R.},
        title = "{Baroclinic Vorticity Production in Protoplanetary Disks. I. Vortex Formation}",
      journal = {\apj},
     keywords = {Accretion, Accretion Disks, Stars: Circumstellar Matter, Hydrodynamics, Instabilities, Methods: Numerical, Solar System: Formation, Turbulence, Astrophysics},
         year = 2007,
        month = apr,
       volume = {658},
       number = {2},
        pages = {1236-1251},
          doi = {10.1086/511513},
archivePrefix = {arXiv},
       eprint = {astro-ph/0611528},
 primaryClass = {astro-ph},
       adsurl = {https://ui.adsabs.harvard.edu/abs/2007ApJ...658.1236P},
      adsnote = {Provided by the SAO/NASA Astrophysics Data System}
}

@ARTICLE{petersen-etal-2007b,
       author = {{Petersen}, Mark R. and {Stewart}, Glen R. and {Julien}, Keith},
        title = "{Baroclinic Vorticity Production in Protoplanetary Disks. II. Vortex Growth and Longevity}",
      journal = {\apj},
     keywords = {Accretion, Accretion Disks, Stars: Circumstellar Matter, Hydrodynamics, Instabilities, Methods: Numerical, Solar System: Formation, Turbulence, Astrophysics},
         year = 2007,
        month = apr,
       volume = {658},
       number = {2},
        pages = {1252-1263},
          doi = {10.1086/511523},
archivePrefix = {arXiv},
       eprint = {astro-ph/0611526},
 primaryClass = {astro-ph},
       adsurl = {https://ui.adsabs.harvard.edu/abs/2007ApJ...658.1252P},
      adsnote = {Provided by the SAO/NASA Astrophysics Data System}
}


@ARTICLE{lesur-papaloizou-2010,
       author = {{Lesur}, G. and {Papaloizou}, J.~C.~B.},
        title = "{The subcritical baroclinic instability in local accretion disc models}",
      journal = {\aap},
     keywords = {accretion, accretion disks, instabilities, planets and satellites: formation, turbulence, Astrophysics - Earth and Planetary Astrophysics, Astrophysics - Solar and Stellar Astrophysics},
         year = 2010,
        month = apr,
       volume = {513},
          eid = {A60},
        pages = {A60},
          doi = {10.1051/0004-6361/200913594},
archivePrefix = {arXiv},
       eprint = {0911.0663},
 primaryClass = {astro-ph.EP},
       adsurl = {https://ui.adsabs.harvard.edu/abs/2010A&A...513A..60L},
      adsnote = {Provided by the SAO/NASA Astrophysics Data System}
}

@ARTICLE{riols-etal-2020,
       author = {{Riols}, A. and {Lesur}, G. and {Menard}, F.},
        title = "{Ring formation and dust dynamics in wind-driven protoplanetary discs: global simulations}",
      journal = {\aap},
     keywords = {accretion, accretion disks, protoplanetary disks, magnetohydrodynamics (MHD), instabilities, turbulence, Astrophysics - Earth and Planetary Astrophysics, Astrophysic
s - High Energy Astrophysical Phenomena, Astrophysics - Solar and Stellar Astrophysics},
         year = 2020,
        month = jul,
       volume = {639},
          eid = {A95},
        pages = {A95},
          doi = {10.1051/0004-6361/201937418},
archivePrefix = {arXiv},
       eprint = {2006.01194},
 primaryClass = {astro-ph.EP},
       adsurl = {https://ui.adsabs.harvard.edu/abs/2020A&A...639A..95R},
      adsnote = {Provided by the SAO/NASA Astrophysics Data System}
}

@ARTICLE{bae-etal-2019,
       author = {{Bae}, Jaehan and {Zhu}, Zhaohuan and {Baruteau}, Cl{\'e}ment and {Benisty}, Myriam and {Dullemond}, Cornelis P. and {Facchini}, Stefano and {Isella}, Andrea and {Keppler}, Miriam and {P{\'e}rez}, Laura M. and {Teague}, Richard},
        title = "{An Ideal Testbed for Planet-Disk Interaction: Two Giant Protoplanets in Resonance Shaping the PDS 70 Protoplanetary Disk}",
      journal = {\apjl},
     keywords = {Circumstellar disks, Planet formation, Hydrodynamical simulations, 235, 1241, 767, Astrophysics - Earth and Planetary Astrophysics},
         year = 2019,
        month = oct,
       volume = {884},
       number = {2},
          eid = {L41},
        pages = {L41},
          doi = {10.3847/2041-8213/ab46b0},
archivePrefix = {arXiv},
       eprint = {1909.09476},
 primaryClass = {astro-ph.EP},
       adsurl = {https://ui.adsabs.harvard.edu/abs/2019ApJ...884L..41B},
      adsnote = {Provided by the SAO/NASA Astrophysics Data System}
}

@ARTICLE{mignone-2019,
       author = {{Mignone}, A. and {Flock}, M. and {Vaidya}, B.},
        title = "{A Particle Module for the PLUTO Code. III. Dust}",
      journal = {\apjs},
     keywords = {Astrophysical fluid dynamics, Protoplanetary disks, Computational methods, Hydrodynamics, 101, 1300, 1965, 1963, Astrophysics - Earth and Planetary Astrophysics, Physics - Computational Physics, Physics - Fluid Dynamics},
         year = 2019,
        month = oct,
       volume = {244},
       number = {2},
          eid = {38},
        pages = {38},
          doi = {10.3847/1538-4365/ab4356},
archivePrefix = {arXiv},
       eprint = {1908.10793},
 primaryClass = {astro-ph.EP},
       adsurl = {https://ui.adsabs.harvard.edu/abs/2019ApJS..244...38M},
      adsnote = {Provided by the SAO/NASA Astrophysics Data System}
}

@ARTICLE{bai-stone-2010,
       author = {{Bai}, Xue-Ning and {Stone}, James M.},
        title = "{Particle-gas Dynamics with Athena: Method and Convergence}",
      journal = {\apjs},
     keywords = {hydrodynamics, instabilities, methods: numerical, protoplanetary disks, turbulence, Astrophysics - Earth and Planetary Astrophysics},
         year = 2010,
        month = oct,
       volume = {190},
       number = {2},
        pages = {297-310},
          doi = {10.1088/0067-0049/190/2/297},
archivePrefix = {arXiv},
       eprint = {1005.4980},
 primaryClass = {astro-ph.EP},
       adsurl = {https://ui.adsabs.harvard.edu/abs/2010ApJS..190..297B},
      adsnote = {Provided by the SAO/NASA Astrophysics Data System}
}

@ARTICLE{price-etal-2018,
       author = {{Price}, Daniel J. and {Wurster}, James and {Tricco}, Terrence S. and {Nixon}, Chris and {Toupin}, St{\'e}ven and {Pettitt}, Alex and {Chan}, Conrad and {Mentiplay}, Daniel and {Laibe}, Guillaume and {Glover}, Simon and {Dobbs}, Clare and {Nealon}, Rebecca and {Liptai}, David and {Worpel}, Hauke and {Bonnerot}, Cl{\'e}ment and {Dipierro}, Giovanni and {Ballabio}, Giulia and {Ragusa}, Enrico and {Federrath}, Christoph and {Iaconi}, Roberto and {Reichardt}, Thomas and {Forgan}, Duncan and {Hutchison}, Mark and {Constantino}, Thomas and {Ayliffe}, Ben and {Hirsh}, Kieran and {Lodato}, Giuseppe},
        title = "{Phantom: A Smoothed Particle Hydrodynamics and Magnetohydrodynamics Code for Astrophysics}",
      journal = {\pasa},
     keywords = {accretion, accretion disks, hydrodynamics, ISM: general, magnetohydrodynamics (MHD), methods: numerical, Astrophysics - Instrumentation and Methods for Astrophysics, Astrophysics - Earth and Planetary Astrophysics, Astrophysics - Astrophysics of Galaxies, Astrophysics - High Energy Astrophysical Phenomena, Astrophysics - Solar and Stellar Astrophysics},
         year = 2018,
        month = sep,
       volume = {35},
          eid = {e031},
        pages = {e031},
          doi = {10.1017/pasa.2018.25},
archivePrefix = {arXiv},
       eprint = {1702.03930},
 primaryClass = {astro-ph.IM},
       adsurl = {https://ui.adsabs.harvard.edu/abs/2018PASA...35...31P},
      adsnote = {Provided by the SAO/NASA Astrophysics Data System}
}

@ARTICLE{yang-johansen-2016,
       author = {{Yang}, Chao-Chin and {Johansen}, Anders},
        title = "{Integration of Particle-gas Systems with Stiff Mutual Drag Interaction}",
      journal = {\apjs},
     keywords = {hydrodynamics, instabilities, methods: numerical, planets and satellites: formation, protoplanetary disks, turbulence, Astrophysics - Instrumentation and Methods for Astrophysics, Astrophysics - Earth and Planetary Astrophysics, Physics - Computational Physics},
         year = 2016,
        month = jun,
       volume = {224},
       number = {2},
          eid = {39},
        pages = {39},
          doi = {10.3847/0067-0049/224/2/39},
archivePrefix = {arXiv},
       eprint = {1603.08523},
 primaryClass = {astro-ph.IM},
       adsurl = {https://ui.adsabs.harvard.edu/abs/2016ApJS..224...39Y},
      adsnote = {Provided by the SAO/NASA Astrophysics Data System}
}


@ARTICLE{kowalik-etal-2013,
       author = {{Kowalik}, K. and {Hanasz}, M. and {W{\'o}lta{\'n}ski}, D. and {Gawryszczak}, A.},
        title = "{Streaming instability in the quasi-global protoplanetary discs}",
      journal = {\mnras},
     keywords = {hydrodynamics, instabilities, planets and satellites: formation},
         year = 2013,
        month = sep,
       volume = {434},
       number = {2},
        pages = {1460-1468},
          doi = {10.1093/mnras/stt1104},
       adsurl = {https://ui.adsabs.harvard.edu/abs/2013MNRAS.434.1460K},
      adsnote = {Provided by the SAO/NASA Astrophysics Data System}
}


@ARTICLE{porth-etal-2014,
       author = {{Porth}, O. and {Xia}, C. and {Hendrix}, T. and {Moschou}, S.~P. and {Keppens}, R.},
        title = "{MPI-AMRVAC for Solar and Astrophysics}",
      journal = {\apjs},
     keywords = {hydrodynamics, magnetohydrodynamics: MHD, methods: numerical},
         year = 2014,
        month = sep,
       volume = {214},
       number = {1},
          eid = {4},
        pages = {4},
          doi = {10.1088/0067-0049/214/1/4},
       adsurl = {https://ui.adsabs.harvard.edu/abs/2014ApJS..214....4P},
      adsnote = {Provided by the SAO/NASA Astrophysics Data System}
}

@ARTICLE{fu-etal-2014,
       author = {{Fu}, Wen and {Li}, Hui and {Lubow}, Stephen and {Li}, Shengtai and {Liang}, Edison},
        title = "{Effects of Dust Feedback on Vortices in Protoplanetary Disks}",
      journal = {\apjl},
     keywords = {accretion, accretion disks, hydrodynamics, instabilities, protoplanetary disks},
         year = 2014,
        month = nov,
       volume = {795},
       number = {2},
          eid = {L39},
        pages = {L39},
          doi = {10.1088/2041-8205/795/2/L39},
       adsurl = {https://ui.adsabs.harvard.edu/abs/2014ApJ...795L..39F},
      adsnote = {Provided by the SAO/NASA Astrophysics Data System}
}

@ARTICLE{huang-bai-2022,
       author = {{Huang}, Pinghui and {Bai}, Xue-Ning},
        title = "{A Multifluid Dust Module in Athena++: Algorithms and Numerical Tests}",
      journal = {\apjs},
     keywords = {Hydrodynamics, Protoplanetary disks, Computational methods, 1963, 1300, 1965},
         year = 2022,
        month = sep,
       volume = {262},
       number = {1},
          eid = {11},
        pages = {11},
          doi = {10.3847/1538-4365/ac76cb},
       adsurl = {https://ui.adsabs.harvard.edu/abs/2022ApJS..262...11H},
      adsnote = {Provided by the SAO/NASA Astrophysics Data System}
}

@ARTICLE{benitez-etal-2019,
       author = {{Ben{\'\i}tez-Llambay}, Pablo and {Krapp}, Leonardo and {Pessah}, Martin E.},
        title = "{Asymptotically Stable Numerical Method for Multispecies Momentum Transfer: Gas and Multifluid Dust Test Suite and Implementation in FARGO3D}",
      journal = {\apjs},
     keywords = {circumstellar matter, hydrodynamics, methods: numerical, planets and satellites: formation, protoplanetary disks},
         year = 2019,
        month = apr,
       volume = {241},
       number = {2},
          eid = {25},
        pages = {25},
          doi = {10.3847/1538-4365/ab0a0e},
       adsurl = {https://ui.adsabs.harvard.edu/abs/2019ApJS..241...25B},
      adsnote = {Provided by the SAO/NASA Astrophysics Data System}
}

@ARTICLE{stoyanovskaya-etal-2018,
       author = {{Stoyanovskaya}, O.~P. and {Vorobyov}, E.~I. and {Snytnikov}, V.~N.},
        title = "{Analysis of Numerical Algorithms for Computing Rapid Momentum Transfers between the Gas and Dust in Simulations of Circumstellar Disks}",
      journal = {Astronomy Reports},
     keywords = {Astrophysics - Earth and Planetary Astrophysics, Astrophysics - Solar and Stellar Astrophysics},
         year = 2018,
        month = jul,
       volume = {62},
       number = {7},
        pages = {455-468},
          doi = {10.1134/S1063772918060069},
archivePrefix = {arXiv},
       eprint = {1808.02867},
 primaryClass = {astro-ph.EP},
       adsurl = {https://ui.adsabs.harvard.edu/abs/2018ARep...62..455S},
      adsnote = {Provided by the SAO/NASA Astrophysics Data System}
}

@ARTICLE{laibe-price-2011,
       author = {{Laibe}, Guillaume and {Price}, Daniel J.},
        title = "{DUSTYBOX and DUSTYWAVE: two test problems for numerical simulations of two-fluid astrophysical dust-gas mixtures}",
      journal = {\mnras},
     keywords = {hydrodynamics, waves, methods: analytical, methods: numerical, dust, extinction, Astrophysics - Earth and Planetary Astrophysics, Astrophysics - Instrumentation and Methods for Astrophysics},
         year = 2011,
        month = dec,
       volume = {418},
       number = {3},
        pages = {1491-1497},
          doi = {10.1111/j.1365-2966.2011.19291.x},
archivePrefix = {arXiv},
       eprint = {1106.1736},
 primaryClass = {astro-ph.EP},
       adsurl = {https://ui.adsabs.harvard.edu/abs/2011MNRAS.418.1491L},
      adsnote = {Provided by the SAO/NASA Astrophysics Data System}
}

@ARTICLE{laibe-price-2012,
       author = {{Laibe}, Guillaume and {Price}, Daniel J.},
        title = "{Dusty gas with smoothed particle hydrodynamics - I. Algorithm and test suite}",
      journal = {\mnras},
     keywords = {hydrodynamics, methods: numerical, planets and satellites: formation, proto-planetary discs, dust, extinction, Astrophysics - Instrumentation and Methods for Astrophysics, Astrophysics - Earth and Planetary Astrophysics},
         year = 2012,
        month = mar,
       volume = {420},
       number = {3},
        pages = {2345-2364},
          doi = {10.1111/j.1365-2966.2011.20202.x},
archivePrefix = {arXiv},
       eprint = {1111.3090},
 primaryClass = {astro-ph.IM},
       adsurl = {https://ui.adsabs.harvard.edu/abs/2012MNRAS.420.2345L},
      adsnote = {Provided by the SAO/NASA Astrophysics Data System}
}

@ARTICLE{booth-etal-2015,
       author = {{Booth}, R.~A. and {Sijacki}, D. and {Clarke}, C.~J.},
        title = "{Smoothed particle hydrodynamics simulations of gas and dust mixtures}",
      journal = {\mnras},
     keywords = {hydrodynamics, methods: numerical, planets and satellites: formation, protoplanetary discs, dust, extinction, Astrophysics - Earth and Planetary Astrophysics, Astrophysics - Instrumentation and Methods for Astrophysics},
         year = 2015,
        month = oct,
       volume = {452},
       number = {4},
        pages = {3932-3947},
          doi = {10.1093/mnras/stv1486},
archivePrefix = {arXiv},
       eprint = {1507.01007},
 primaryClass = {astro-ph.EP},
       adsurl = {https://ui.adsabs.harvard.edu/abs/2015MNRAS.452.3932B},
      adsnote = {Provided by the SAO/NASA Astrophysics Data System}
}

@ARTICLE{cordwell-rafikov-2024,
       author = {{Cordwell}, Amelia J. and {Rafikov}, Roman R.},
        title = "{Early stages of gap opening by planets in protoplanetary discs}",
      journal = {arXiv e-prints},
     keywords = {Astrophysics - Earth and Planetary Astrophysics},
         year = 2024,
        month = jul,
          eid = {arXiv:2407.01728},
        pages = {arXiv:2407.01728},
          doi = {10.48550/arXiv.2407.01728},
archivePrefix = {arXiv},
       eprint = {2407.01728},
 primaryClass = {astro-ph.EP},
       adsurl = {https://ui.adsabs.harvard.edu/abs/2024arXiv240701728C},
      adsnote = {Provided by the SAO/NASA Astrophysics Data System}
}

@ARTICLE{flaherty-etal-2015,
       author = {{Flaherty}, Kevin M. and {Hughes}, A. Meredith and {Rosenfeld}, Katherine A. and {Andrews}, Sean M. and {Chiang}, Eugene and {Simon}, Jacob B. and {Kerzner}, Skylar and {Wilner}, David J.},
        title = "{Weak Turbulence in the HD 163296 Protoplanetary Disk Revealed by ALMA CO Observations}",
      journal = {\apj},
     keywords = {accretion, accretion disks, protoplanetary disks, stars: individual: HD 163296, turbulence, Astrophysics - Solar and Stellar Astrophysics},
         year = 2015,
        month = nov,
       volume = {813},
       number = {2},
          eid = {99},
        pages = {99},
          doi = {10.1088/0004-637X/813/2/99},
archivePrefix = {arXiv},
       eprint = {1510.01375},
 primaryClass = {astro-ph.SR},
       adsurl = {https://ui.adsabs.harvard.edu/abs/2015ApJ...813...99F},
      adsnote = {Provided by the SAO/NASA Astrophysics Data System}
}

@ARTICLE{law-etal-2021,
       author = {{Law}, Charles J. and {Teague}, Richard and {Loomis}, Ryan A. and {Bae}, Jaehan and {{\"O}berg}, Karin I. and {Czekala}, Ian and {Andrews}, Sean M. and {Aikawa}, Yuri and {Alarc{\'o}n}, Felipe and {Bergin}, Edwin A. and {Bergner}, Jennifer B. and {Booth}, Alice S. and {Bosman}, Arthur D. and {Calahan}, Jenny K. and {Cataldi}, Gianni and {Cleeves}, L. Ilsedore and {Furuya}, Kenji and {Guzm{\'a}n}, Viviana V. and {Huang}, Jane and {Ilee}, John D. and {Le Gal}, Romane and {Liu}, Yao and {Long}, Feng and {M{\'e}nard}, Fran{\c{c}}ois and {Nomura}, Hideko and {P{\'e}rez}, Laura M. and {Qi}, Chunhua and {Schwarz}, Kamber R. and {Soto}, Daniela and {Tsukagoshi}, Takashi and {Yamato}, Yoshihide and {van't Hoff}, Merel L.~R. and {Walsh}, Catherine and {Wilner}, David J. and {Zhang}, Ke},
        title = "{Molecules with ALMA at Planet-forming Scales (MAPS). IV. Emission Surfaces and Vertical Distribution of Molecules}",
      journal = {\apjs},
     keywords = {Protoplanetary disks, Interstellar molecules, Astrochemistry, High angular resolution, Circumstellar disks, Planet formation, 1300, 849, 75, 2167, 235, 1241, Astrophysics - Astrophysics of Galaxies, Astrophysics - Earth and Planetary Astrophysics, Astrophysics - Solar and Stellar Astrophysics},
         year = 2021,
        month = nov,
       volume = {257},
       number = {1},
          eid = {4},
        pages = {4},
          doi = {10.3847/1538-4365/ac1439},
archivePrefix = {arXiv},
       eprint = {2109.06217},
 primaryClass = {astro-ph.GA},
       adsurl = {https://ui.adsabs.harvard.edu/abs/2021ApJS..257....4L},
      adsnote = {Provided by the SAO/NASA Astrophysics Data System}
}

@ARTICLE{dullemond-etal-2020,
       author = {{Dullemond}, C.~P. and {Isella}, A. and {Andrews}, S.~M. and {Skobleva}, I. and {Dzyurkevich}, N.},
        title = "{Midplane temperature and outer edge of the protoplanetary disk around HD 163296}",
      journal = {\aap},
     keywords = {protoplanetary disks, Astrophysics - Earth and Planetary Astrophysics},
         year = 2020,
        month = jan,
       volume = {633},
          eid = {A137},
        pages = {A137},
          doi = {10.1051/0004-6361/201936438},
archivePrefix = {arXiv},
       eprint = {1911.12434},
 primaryClass = {astro-ph.EP},
       adsurl = {https://ui.adsabs.harvard.edu/abs/2020A&A...633A.137D},
      adsnote = {Provided by the SAO/NASA Astrophysics Data System}
}

@ARTICLE{chang-etal-2023,
       author = {{Chang}, Eonho and {Youdin}, Andrew N. and {Krapp}, Leonardo},
        title = "{On the Origin of Dust Structures in Protoplanetary Disks: Constraints from the Rossby Wave Instability}",
      journal = {\apjl},
     keywords = {Astrophysical fluid dynamics, Circumstellar dust, Planet formation, Protoplanetary disks, Submillimeter astronomy, Hydrodynamics, 101, 236, 1241, 1300, 1647, 1963, Astrophysics - Earth and Planetary Astrophysics},
         year = 2023,
        month = mar,
       volume = {946},
       number = {1},
          eid = {L1},
        pages = {L1},
          doi = {10.3847/2041-8213/acc17b},
archivePrefix = {arXiv},
       eprint = {2303.03469},
 primaryClass = {astro-ph.EP},
       adsurl = {https://ui.adsabs.harvard.edu/abs/2023ApJ...946L...1C},
      adsnote = {Provided by the SAO/NASA Astrophysics Data System}
}

@ARTICLE{lyra-etal-2018,
       author = {{Lyra}, Wladimir and {Raettig}, Natalie and {Klahr}, Hubert},
        title = "{Pebble-trapping Backreaction Does Not Destroy Vortices}",
      journal = {Research Notes of the American Astronomical Society},
     keywords = {Astrophysics - Earth and Planetary Astrophysics},
         year = 2018,
        month = oct,
       volume = {2},
       number = {4},
          eid = {195},
        pages = {195},
          doi = {10.3847/2515-5172/aaeac9},
archivePrefix = {arXiv},
       eprint = {1810.07941},
 primaryClass = {astro-ph.EP},
       adsurl = {https://ui.adsabs.harvard.edu/abs/2018RNAAS...2..195L},
      adsnote = {Provided by the SAO/NASA Astrophysics Data System}
}
@ARTICLE{raettig-etal-2015,
       author = {{Raettig}, Natalie and {Klahr}, Hubert and {Lyra}, Wladimir},
        title = "{Particle Trapping and Streaming Instability in Vortices in Protoplanetary Disks}",
      journal = {\apj},
     keywords = {accretion, accretion disks, hydrodynamics, instabilities, methods: numerical, turbulence, Astrophysics - Earth and Planetary Astrophysics},
         year = 2015,
        month = may,
       volume = {804},
       number = {1},
          eid = {35},
        pages = {35},
          doi = {10.1088/0004-637X/804/1/35},
archivePrefix = {arXiv},
       eprint = {1501.05364},
 primaryClass = {astro-ph.EP},
       adsurl = {https://ui.adsabs.harvard.edu/abs/2015ApJ...804...35R},
      adsnote = {Provided by the SAO/NASA Astrophysics Data System}
}

@ARTICLE{simon-etal-2013,
       author = {{Simon}, Jacob B. and {Bai}, Xue-Ning and {Armitage}, Philip J. and {Stone}, James M. and {Beckwith}, Kris},
        title = "{Turbulence in the Outer Regions of Protoplanetary Disks. II. Strong Accretion Driven by a Vertical Magnetic Field}",
      journal = {\apj},
     keywords = {accretion, accretion disks, magnetohydrodynamics: MHD, protoplanetary disks, turbulence, Astrophysics - Solar and Stellar Astrophysics},
         year = 2013,
        month = sep,
       volume = {775},
       number = {1},
          eid = {73},
        pages = {73},
          doi = {10.1088/0004-637X/775/1/73},
archivePrefix = {arXiv},
       eprint = {1306.3222},
 primaryClass = {astro-ph.SR},
       adsurl = {https://ui.adsabs.harvard.edu/abs/2013ApJ...775...73S},
      adsnote = {Provided by the SAO/NASA Astrophysics Data System}
}

@ARTICLE{binkert-etal-2023,
       author = {{Binkert}, Fabian and {Szul{\'a}gyi}, Judit and {Birnstiel}, Til},
        title = "{Three-dimensional dust stirring by a giant planet embedded in a protoplanetary disc}",
      journal = {\mnras},
     keywords = {hydrodynamics, radiative transfer, turbulence, methods: numerical, radio continuum: planetary systems, Astrophysics - Earth and Planetary Astrophysics},
         year = 2023,
        month = jul,
       volume = {523},
       number = {1},
        pages = {55-79},
          doi = {10.1093/mnras/stad1405},
archivePrefix = {arXiv},
       eprint = {2305.04549},
 primaryClass = {astro-ph.EP},
       adsurl = {https://ui.adsabs.harvard.edu/abs/2023MNRAS.523...55B},
      adsnote = {Provided by the SAO/NASA Astrophysics Data System}
}

@ARTICLE{weber-etal-2019,
       author = {{Weber}, Philipp and {P{\'e}rez}, Sebasti{\'a}n and {Ben{\'\i}tez-Llambay}, Pablo and {Gressel}, Oliver and {Casassus}, Simon and {Krapp}, Leonardo},
        title = "{Predicting the Observational Signature of Migrating Neptune-sized Planets in Low-viscosity Disks}",
      journal = {\apj},
     keywords = {Dust continuum emission, Hydrodynamical simulations, Planet formation, Protoplanetary disks, Radiative transfer simulations, 412, 767, 1241, 1300, 1967, Astrophysics - Earth and Planetary Astrophysics, Astrophysics - Instrumentation and Methods for Astrophysics},
         year = 2019,
        month = oct,
       volume = {884},
       number = {2},
          eid = {178},
        pages = {178},
          doi = {10.3847/1538-4357/ab412f},
archivePrefix = {arXiv},
       eprint = {1909.01661},
 primaryClass = {astro-ph.EP},
       adsurl = {https://ui.adsabs.harvard.edu/abs/2019ApJ...884..178W},
      adsnote = {Provided by the SAO/NASA Astrophysics Data System}
}

@article{leveque-2004,
  title={The dynamics of pressureless dust clouds and delta waves},
  author={LeVeque, Randall J},
  journal={Journal of Hyperbolic Differential Equations},
  volume={1},
  number={02},
  pages={315--327},
  year={2004},
  publisher={World Scientific}
}

