
@InProceedings{butler1999,
  author    = {{Butler}, B.~J. and {Bastian}, T.~S.},
  title     = {{Solar System Objects}},
  booktitle = {Synthesis Imaging in Radio Astronomy II},
  year      = {1999},
  editor    = {{Taylor}, G.~B. and {Carilli}, C.~L. and {Perley}, R.~A.},
  series    = {ASP Conference Series},
  volume    = {180},
  pages     = {625-656},
  adsnote   = {Provided by the SAO/NASA Astrophysics Data System},
  adsurl    = {https://ui.adsabs.harvard.edu/abs/1999ASPC..180..625B},
}


@Article{carilli1999,
  author   = {Carilli, C. L. and Holdaway, M. A.},
  title    = {Tropospheric phase calibration in millimeter interferometry},
  journal  = {Radio Science},
  year     = {1999},
  volume   = {34},
  number   = {4},
  pages    = {817-840},
  doi      = {10.1029/1999RS900048},
  eprint   = {https://agupubs.onlinelibrary.wiley.com/doi/pdf/10.1029/1999RS900048},
  url      = {https://agupubs.onlinelibrary.wiley.com/doi/abs/10.1029/1999RS900048},
}


@InProceedings{greisen2003,
  author    = {{Greisen}, E.~W.},
  title     = {{AIPS, the VLA, and the VLBA}},
  booktitle = {Information Handling in Astronomy - Historical Vistas},
  year      = {2003},
  editor    = {{Heck}, A.},
  series    = {Astrophysics and Space Science Library},
  pages     = {109-125},
  adsnote   = {Provided by the SAO/NASA Astrophysics Data System},
  adsurl    = {https://ui.adsabs.harvard.edu/abs/2003ASSL..285..109G},
}


@InProceedings{kent2019,
  author    = {{Kent}, B.~R. and {Masters}, J.~S. and {Chandler}, C.~J. and {Tobin}, J.~J. and {Marvil}, J. and {Ott}, J. and {Myers}, S.~T. and {Medlin}, D. and {Kimball}, A.~E. and {Schinzel}, F.~K. and {Lacy}, M. and {Kern}, J. and {Butler}, B.~J. and {Sugimoto}, K. and {Muders}, D. and {Williams}, S.~J. and {Geers}, V.~G.},
  title     = {{Pipeline Calibration and Imaging for the Very Large Array}},
  booktitle = {Astronomical Data Analysis Software and Systems XXIX},
  year      = {2019},
  editor    = {{Pizzo}, R. and {Deul}, E.~R. and {Mol}, J.~D. and {de Plaa}, J. and {Verkouter}, H.},
  series    = {ASP Conference Series},
  volume    = {527},
  pages     = {571-574},
  adsnote   = {Provided by the SAO/NASA Astrophysics Data System},
  adsurl    = {https://ui.adsabs.harvard.edu/abs/2020ASPC..527..571K},
}


@article{richards2011,
  title={Blazars in the Fermi Era: The OVRO 40 m Telescope Monitoring Program},
  author={{Richards}, J.~L. and {Max-Moerbeck}, W. and {Pavlidou}, V. and {King}, O.~G. and {Pearson}, T.~J. and {Readhead}, A.~C.~S. and {Reeves}, R. and {Shepherd}, M.~C. and {Stevenson}, M.~A. and {Weintraub}, L.~C. and {Fuhrmann}, L. and {Angelakis}, E. and {Zensus}, J.~A. and {Healey}, S.~E. and {Romani}, R.~W. and {Shaw}, M.~S. and {Grainge}, K. and {Birkinshaw}, M. and {Lancaster}, K. and {Worrall}, D.~M. and {Taylor}, G.~B. and {Cotter}, G. and {Bustos}, R.},
  journal={The Astrophysical Journal Supplement Series},
  volume={194},
  number={29},
  pages={1-22},
  year={2011},
  adsurl = {https://ui.adsabs.harvard.edu/abs/2011ApJS..194...29R},
  adsnote = {Provided by the SAO/NASA Astrophysics Data System}
}


@article{perley2017,
  title={An Accurate Flux Density Scale from 50 MHz to 50 GHz},
  author={{Perley}, R.~A. and {Butler}, B.~J.},
  journal={The Astrophysical Journal Supplement Series},
  volume={230},
  number={7},
  pages={1-18},
  year={2017},
  adsurl = {https://ui.adsabs.harvard.edu/abs/2017ApJS..230....7P},
  adsnote = {Provided by the SAO/NASA Astrophysics Data System}
}


@article{perley2013,
  title={An Accurate Flux Density Scale from 1 to 50 GHz},
  author={{Perley}, R.~A. and {Butler}, B.~J.},
  journal={The Astrophysical Journal Supplement Series},
  volume={204},
  number={19},
  pages={1-20},
  year={2013},
  adsurl = {https://ui.adsabs.harvard.edu/abs/2013ApJS..204...19P},
  adsnote = {Provided by the SAO/NASA Astrophysics Data System}
}


@ARTICLE{shevchenko2019,
       author = {{Shevchenko}, Vasilij G. and {Belskaya}, Irina N. and {Mikhalchenko}, Olga I. and {Muinonen}, Karri and {Penttil{\"a}}, Antti and {Gritsevich}, Maria and {Shkuratov}, Yuriy G. and {Slyusarev}, Ivan G. and {Videen}, Gorden},
        title = "{Phase integral of asteroids}",
      journal = {\aap},
     keywords = {minor planets, asteroids: general, methods: numerical, techniques: photometric, Astrophysics - Earth and Planetary Astrophysics},
         year = 2019,
        month = jun,
       volume = {626},
          eid = {A87},
        pages = {A87},
          doi = {10.1051/0004-6361/201935588},
archivePrefix = {arXiv},
       eprint = {1905.09827},
 primaryClass = {astro-ph.EP},
       adsurl = {https://ui.adsabs.harvard.edu/abs/2019A&A...626A..87S},
      adsnote = {Provided by the SAO/NASA Astrophysics Data System}
}

@ARTICLE{mainzer2016,
       author = {{Mainzer}, A.~K. and {Bauer}, J.~M. and {Cutri}, R.~M. and {Grav}, T. and {Kramer}, E.~A. and {Masiero}, J.~R. and {Nugent}, C.~R. and {Sonnett}, S.~M. and {Stevenson}, R.~A. and {Wright}, E.~L.},
        title = "{NEOWISE Diameters and Albedos V1.0}",
      journal = {NASA Planetary Data System},
         year = 2016,
        month = jun,
          eid = {EAR-A-COMPIL-5-NEOWISEDIAM-V1.0},
        pages = {EAR-A-COMPIL-5-NEOWISEDIAM-V1.0},
       adsurl = {https://ui.adsabs.harvard.edu/abs/2016PDSS..247.....M},
      adsnote = {Provided by the SAO/NASA Astrophysics Data System}
}

@ARTICLE{marchis2008,
       author = {{Marchis}, F. and {Descamps}, P. and {Baek}, M. and {Harris}, A.~W. and {Kaasalainen}, M. and {Berthier}, J. and {Hestroffer}, D. and {Vachier}, F.},
        title = "{Main belt binary asteroidal systems with circular mutual orbits}",
      journal = {\icarus},
     keywords = {Earth Science, Astrophysics},
         year = 2008,
        month = jul,
       volume = {196},
       number = {1},
        pages = {97-118},
          doi = {10.1016/j.icarus.2008.03.007},
archivePrefix = {arXiv},
       eprint = {0804.1383},
 primaryClass = {astro-ph},
       adsurl = {https://ui.adsabs.harvard.edu/abs/2008Icar..196...97M},
      adsnote = {Provided by the SAO/NASA Astrophysics Data System}
}

@ARTICLE{marchis2012,
       author = {{Marchis}, F. and {Enriquez}, J.~E. and {Emery}, J.~P. and {Mueller}, M. and {Baek}, M. and {Pollock}, J. and {Assafin}, M. and {Vieira Martins}, R. and {Berthier}, J. and {Vachier}, F. and {Cruikshank}, D.~P. and {Lim}, L.~F. and {Reichart}, D.~E. and {Ivarsen}, K.~M. and {Haislip}, J.~B. and {LaCluyze}, A.~P.},
        title = "{Multiple asteroid systems: Dimensions and thermal properties from Spitzer Space Telescope and ground-based observations}",
      journal = {\icarus},
     keywords = {Earth Science, Astrophysics - Earth and Planetary Astrophysics},
         year = 2012,
        month = nov,
       volume = {221},
       number = {2},
        pages = {1130-1161},
          doi = {10.1016/j.icarus.2012.09.013},
archivePrefix = {arXiv},
       eprint = {1604.05384},
 primaryClass = {astro-ph.EP},
       adsurl = {https://ui.adsabs.harvard.edu/abs/2012Icar..221.1130M},
      adsnote = {Provided by the SAO/NASA Astrophysics Data System}
}

@ARTICLE{dekleer2021,
       author = {{de Kleer}, Katherine and {Cambioni}, Saverio and {Shepard}, Michael},
        title = "{The Surface of (16) Psyche from Thermal Emission and Polarization Mapping}",
      journal = {\psj},
     keywords = {Solar system, Solar system astronomy, Asteroids, Asteroid surfaces, Small Solar System bodies, Radio interferometry, 1528, 1529, 72, 2209, 1469, 1346, Astrophysics - Earth and Planetary Astrophysics},
         year = 2021,
        month = aug,
       volume = {2},
       number = {4},
          eid = {149},
        pages = {149},
          doi = {10.3847/PSJ/ac01ec},
archivePrefix = {arXiv},
       eprint = {2105.11372},
 primaryClass = {astro-ph.EP},
       adsurl = {https://ui.adsabs.harvard.edu/abs/2021PSJ.....2..149D},
      adsnote = {Provided by the SAO/NASA Astrophysics Data System}
}

@ARTICLE{cambioni2022,
       author = {{Cambioni}, Saverio and {de Kleer}, Katherine and {Shepard}, Michael},
        title = "{The Heterogeneous Surface of Asteroid (16) Psyche}",
      journal = {Journal of Geophysical Research (Planets)},
     keywords = {(16) Psyche, asteroids -surfaces, remote sensing, ALMA, origin and evolution, Earth Science},
         year = 2022,
        month = jun,
       volume = {127},
       number = {6},
          eid = {e07091},
        pages = {e07091},
          doi = {10.1029/2021JE007091},
       adsurl = {https://ui.adsabs.harvard.edu/abs/2022JGRE..12707091C},
      adsnote = {Provided by the SAO/NASA Astrophysics Data System}
}

@ARTICLE{delbo2007,
       author = {{Delbo'}, Marco and {dell'Oro}, Aldo and {Harris}, Alan W. and {Mottola}, Stefano and {Mueller}, Michael},
        title = "{Thermal inertia of near-Earth asteroids and implications for the magnitude of the Yarkovsky effect}",
      journal = {\icarus},
     keywords = {Earth Science, Astrophysics},
         year = 2007,
        month = sep,
       volume = {190},
       number = {1},
        pages = {236-249},
          doi = {10.1016/j.icarus.2007.03.007},
archivePrefix = {arXiv},
       eprint = {0704.1915},
 primaryClass = {astro-ph},
       adsurl = {https://ui.adsabs.harvard.edu/abs/2007Icar..190..236D},
      adsnote = {Provided by the SAO/NASA Astrophysics Data System}
}

@ARTICLE{hung2022,
       author = {{Hung}, Denise and {Hanu{\v{s}}}, Josef and {Masiero}, Joseph R. and {Tholen}, David J.},
        title = "{Thermal Properties of 1847 WISE-observed Asteroids}",
      journal = {\psj},
     keywords = {Asteroids, Main belt asteroids, Astronomy data modeling, 72, 2036, 1859, Astrophysics - Earth and Planetary Astrophysics},
         year = 2022,
        month = mar,
       volume = {3},
       number = {3},
          eid = {56},
        pages = {56},
          doi = {10.3847/PSJ/ac4d1f},
archivePrefix = {arXiv},
       eprint = {2201.05164},
 primaryClass = {astro-ph.EP},
       adsurl = {https://ui.adsabs.harvard.edu/abs/2022PSJ.....3...56H},
      adsnote = {Provided by the SAO/NASA Astrophysics Data System}
}

@ARTICLE{margot2003,
       author = {{Margot}, J.~L. and {Brown}, M.~E.},
        title = "{A Low-Density M-type Asteroid in the Main Belt}",
      journal = {Science},
     keywords = {PLANET SCI},
         year = 2003,
        month = jun,
       volume = {300},
       number = {5627},
        pages = {1939-1942},
          doi = {10.1126/science.1085844},
       adsurl = {https://ui.adsabs.harvard.edu/abs/2003Sci...300.1939M},
      adsnote = {Provided by the SAO/NASA Astrophysics Data System}
}

@ARTICLE{broz2023,
       author = {{Bro{\v{z}}}, M. and {{\v{D}}urech}, J. and {Ferrais}, M. and {Lee}, H. -J. and {Kim}, M. -J. and {Roh}, D. -G. and {Yim}, H. -S. and {Jehin}, E. and {Burdanov}, A. and {de Wit}, J. and {Fatka}, P. and {Hanu{\v{s}}}, J. and {Carry}, B.},
        title = "{2021 occultations and transits of Linus orbiting (22) Kalliope. I. Polygonal and cliptracing algorithms}",
      journal = {\aap},
     keywords = {minor planets, asteroids: individual: (22) Kalliope, planets and satellites: individual: Linus, celestial mechanics, methods: numerical, Astrophysics - Earth and Planetary Astrophysics, Astrophysics - Instrumentation and Methods for Astrophysics},
         year = 2023,
        month = aug,
       volume = {676},
          eid = {A60},
        pages = {A60},
          doi = {10.1051/0004-6361/202346326},
archivePrefix = {arXiv},
       eprint = {2306.04768},
 primaryClass = {astro-ph.EP},
       adsurl = {https://ui.adsabs.harvard.edu/abs/2023A&A...676A..60B},
      adsnote = {Provided by the SAO/NASA Astrophysics Data System}
}

@ARTICLE{broz2022,
       author = {{Bro{\v{z}}}, M. and {Ferrais}, M. and {Vernazza}, P. and {{\v{S}}eve{\v{c}}ek}, P. and {Jutzi}, M.},
        title = "{Discovery of an asteroid family linked to (22) Kalliope and its moon Linus}",
      journal = {\aap},
     keywords = {minor planets, asteroids: individual: (22) Kalliope, planets and satellites: individual: Linus, celestial mechanics methods: numerical, Astrophysics - Earth and Planetary Astrophysics},
         year = 2022,
        month = aug,
       volume = {664},
          eid = {A69},
        pages = {A69},
          doi = {10.1051/0004-6361/202243628},
archivePrefix = {arXiv},
       eprint = {2205.15736},
 primaryClass = {astro-ph.EP},
       adsurl = {https://ui.adsabs.harvard.edu/abs/2022A&A...664A..69B},
      adsnote = {Provided by the SAO/NASA Astrophysics Data System}
}

@INPROCEEDINGS{mcmullin2007,
       author = {{McMullin}, J.~P. and {Waters}, B. and {Schiebel}, D. and {Young}, W. and {Golap}, K.},
        title = "{CASA Architecture and Applications}",
    booktitle = {Astronomical Data Analysis Software and Systems XVI},
         year = 2007,
       editor = {{Shaw}, R.~A. and {Hill}, F. and {Bell}, D.~J.},
       series = {Astronomical Society of the Pacific Conference Series},
       volume = {376},
        month = oct,
        pages = {127},
       adsurl = {https://ui.adsabs.harvard.edu/abs/2007ASPC..376..127M},
      adsnote = {Provided by the SAO/NASA Astrophysics Data System}
}

@INPROCEEDINGS{cornwell1999,
       author = {{Cornwell}, Tim and {Fomalont}, Ed B.},
        title = "{Self-Calibration}",
    booktitle = {Synthesis Imaging in Radio Astronomy II},
         year = 1999,
       editor = {{Taylor}, G.~B. and {Carilli}, C.~L. and {Perley}, R.~A.},
       series = {Astronomical Society of the Pacific Conference Series},
       volume = {180},
        month = jan,
        pages = {187},
       adsurl = {https://ui.adsabs.harvard.edu/abs/1999ASPC..180..187C},
      adsnote = {Provided by the SAO/NASA Astrophysics Data System}
}

@ARTICLE{uvmultifit,
       author = {{Mart{\'\i}-Vidal}, I. and {Vlemmings}, W.~H.~T. and {Muller}, S. and {Casey}, S.},
        title = "{UVMULTIFIT: A versatile tool for fitting astronomical radio interferometric data}",
      journal = {\aap},
     keywords = {techniques: interferometric, methods: data analysis, Astrophysics - Instrumentation and Methods for Astrophysics},
         year = 2014,
        month = mar,
       volume = {563},
          eid = {A136},
        pages = {A136},
          doi = {10.1051/0004-6361/201322633},
archivePrefix = {arXiv},
       eprint = {1401.4984},
 primaryClass = {astro-ph.IM},
       adsurl = {https://ui.adsabs.harvard.edu/abs/2014A&A...563A.136M},
      adsnote = {Provided by the SAO/NASA Astrophysics Data System}
}

@ARTICLE{rau2011,
       author = {{Rau}, U. and {Cornwell}, T.~J.},
        title = "{A multi-scale multi-frequency deconvolution algorithm for synthesis imaging in radio interferometry}",
      journal = {\aap},
     keywords = {techniques: interferometric, techniques: image processing, methods: numerical, radio continuum: general, Astrophysics - Instrumentation and Methods for Astrophysics},
         year = 2011,
        month = aug,
       volume = {532},
          eid = {A71},
        pages = {A71},
          doi = {10.1051/0004-6361/201117104},
archivePrefix = {arXiv},
       eprint = {1106.2745},
 primaryClass = {astro-ph.IM},
       adsurl = {https://ui.adsabs.harvard.edu/abs/2011A&A...532A..71R},
      adsnote = {Provided by the SAO/NASA Astrophysics Data System}
}

@ARTICLE{ferrais2022,
       author = {{Ferrais}, M. and {Jorda}, L. and {Vernazza}, P. and {Carry}, B. and {Bro{\v{z}}}, M. and {Rambaux}, N. and {Hanu{\v{s}}}, J. and {Dudzi{\'n}ski}, G. and {Bartczak}, P. and {Vachier}, F. and {Aristidi}, E. and {Beck}, P. and {Marchis}, F. and {Marsset}, M. and {Viikinkoski}, M. and {Fetick}, R. and {Drouard}, A. and {Fusco}, T. and {Birlan}, M. and {Podlewska-Gaca}, E. and {Burbine}, T.~H. and {Dyar}, M.~D. and {Bendjoya}, P. and {Benkhaldoun}, Z. and {Berthier}, J. and {Castillo-Rogez}, J. and {Cipriani}, F. and {Colas}, F. and {Dumas}, C. and {{\v{D}}urech}, J. and {Fauvaud}, S. and {Grice}, J. and {Jehin}, E. and {Kaasalainen}, M. and {Kryszczynska}, A. and {Lamy}, P. and {Le Coroller}, H. and {Marciniak}, A. and {Michalowski}, T. and {Michel}, P. and {Prieur}, J. -L. and {Reddy}, V. and {Rivet}, J. -P. and {Santana-Ros}, T. and {Scardia}, M. and {Tanga}, P. and {Vigan}, A. and {Witasse}, O. and {Yang}, B.},
        title = "{M-type (22) Kalliope: A tiny Mercury}",
      journal = {\aap},
     keywords = {minor planets, asteroids: individual: (22) Kalliope, methods: observational, techniques: high angular resolution},
         year = 2022,
        month = jun,
       volume = {662},
          eid = {A71},
        pages = {A71},
          doi = {10.1051/0004-6361/202243200},
       adsurl = {https://ui.adsabs.harvard.edu/abs/2022A&A...662A..71F},
      adsnote = {Provided by the SAO/NASA Astrophysics Data System}
}

@ARTICLE{descamps2008,
       author = {{Descamps}, P. and {Marchis}, F. and {Pollock}, J. and {Berthier}, J. and {Birlan}, M. and {Vachier}, F. and {Colas}, F.},
        title = "{2007 Mutual events within the binary system of (22) Kalliope}",
      journal = {\planss},
         year = 2008,
        month = nov,
       volume = {56},
       number = {14},
        pages = {1851-1856},
          doi = {10.1016/j.pss.2008.02.037},
       adsurl = {https://ui.adsabs.harvard.edu/abs/2008P&SS...56.1851D},
      adsnote = {Provided by the SAO/NASA Astrophysics Data System}
}

@ARTICLE{margot2001,
       author = {{Margot}, J. -L. and {Brown}, M.~E.},
        title = "{S/2001 (22) 1}",
      journal = {\iaucirc},
         year = 2001,
        month = sep,
       volume = {7703},
        pages = {3},
       adsurl = {https://ui.adsabs.harvard.edu/abs/2001IAUC.7703....3M},
      adsnote = {Provided by the SAO/NASA Astrophysics Data System}
}

@ARTICLE{shepard2015,
       author = {{Shepard}, Michael K. and {Taylor}, Patrick A. and {Nolan}, Michael C. and {Howell}, Ellen S. and {Springmann}, Alessondra and {Giorgini}, Jon D. and {Warner}, Brian D. and {Harris}, Alan W. and {Stephens}, Robert and {Merline}, William J. and {Rivkin}, Andrew and {Benner}, Lance A.~M. and {Coley}, Dan and {Clark}, Beth Ellen and {Ockert-Bell}, Maureen and {Magri}, Christopher},
        title = "{A radar survey of M- and X-class asteroids. III. Insights into their composition, hydration state, \& structure}",
      journal = {\icarus},
     keywords = {Asteroids, Asteroids, composition, Asteroids, surfaces, Earth Science},
         year = 2015,
        month = jan,
       volume = {245},
        pages = {38-55},
          doi = {10.1016/j.icarus.2014.09.016},
       adsurl = {https://ui.adsabs.harvard.edu/abs/2015Icar..245...38S},
      adsnote = {Provided by the SAO/NASA Astrophysics Data System}
}

@ARTICLE{usui2019,
       author = {{Usui}, Fumihiko and {Hasegawa}, Sunao and {Ootsubo}, Takafumi and {Onaka}, Takashi},
        title = "{AKARI/IRC near-infrared asteroid spectroscopic survey: AcuA-spec}",
      journal = {\pasj},
     keywords = {infrared: planetary systems, minor planets, asteroids: general, space vehicles, techniques: spectroscopic, Astrophysics - Earth and Planetary Astrophysics},
         year = 2019,
        month = jan,
       volume = {71},
       number = {1},
          eid = {1},
        pages = {1},
          doi = {10.1093/pasj/psy125},
archivePrefix = {arXiv},
       eprint = {1810.03828},
 primaryClass = {astro-ph.EP},
       adsurl = {https://ui.adsabs.harvard.edu/abs/2019PASJ...71....1U},
      adsnote = {Provided by the SAO/NASA Astrophysics Data System}
}

@ARTICLE{hardersen2011,
       author = {{Hardersen}, Paul S. and {Cloutis}, Edward A. and {Reddy}, Vishnu and {Moth{\'e}-Diniz}, Thais and {Emery}, Joshua P.},
        title = "{The M-/X-asteroid menagerie: Results of an NIR spectral survey of 45 main-belt asteroids}",
      journal = {\maps},
     keywords = {Earth Science},
         year = 2011,
        month = dec,
       volume = {46},
       number = {12},
        pages = {1910-1938},
          doi = {10.1111/j.1945-5100.2011.01304.x},
       adsurl = {https://ui.adsabs.harvard.edu/abs/2011M&PS...46.1910H},
      adsnote = {Provided by the SAO/NASA Astrophysics Data System}
}

@ARTICLE{dekleer2021_ganymede,
       author = {{de Kleer}, Katherine and {Butler}, Bryan and {de Pater}, Imke and {Gurwell}, Mark A. and {Moullet}, Arielle and {Trumbo}, Samantha and {Spencer}, John},
        title = "{Ganymede's Surface Properties from Millimeter and Infrared Thermal Emission}",
      journal = {\psj},
     keywords = {Galilean satellites, Jovian satellites, Radio interferometry, Planetary surfaces, Surface processes, 627, 872, 1346, 2113, 2116, Astrophysics - Earth and Planetary Astrophysics},
         year = 2021,
        month = feb,
       volume = {2},
       number = {1},
          eid = {5},
        pages = {5},
          doi = {10.3847/PSJ/abcbf4},
archivePrefix = {arXiv},
       eprint = {2101.04211},
 primaryClass = {astro-ph.EP},
       adsurl = {https://ui.adsabs.harvard.edu/abs/2021PSJ.....2....5D},
      adsnote = {Provided by the SAO/NASA Astrophysics Data System}
}

@ARTICLE{consolmagno2013,
       author = {{Consolmagno}, Guy J. and {Schaefer}, Martha W. and {Schaefer}, Bradley E. and {Britt}, Daniel T. and {Macke}, Robert J. and {Nolan}, Michael C. and {Howell}, Ellen S.},
        title = "{The measurement of meteorite heat capacity at low temperatures using liquid nitrogen vaporization}",
      journal = {\planss},
         year = 2013,
        month = oct,
       volume = {87},
        pages = {146-156},
          doi = {10.1016/j.pss.2013.07.009},
       adsurl = {https://ui.adsabs.harvard.edu/abs/2013P&SS...87..146C},
      adsnote = {Provided by the SAO/NASA Astrophysics Data System}
}

@ARTICLE{campbell1969,
       author = {{Campbell}, Malcolm J. and {Ulrichs}, Juris},
        title = "{Electrical properties of rocks and their significance for lunar radar observations}",
      journal = {\jgr},
     keywords = {Planetology: Surface (first km) of Moon (mechanical properties, topography, albedo, etc.), Solid Terrestrial Surfaces (Topography, Erosion, Deposition, Remote Sensing of Surface Features; also see Planetology), Mineralogy, Petrology, and Physical Properties of Rocks: Magnetic and electrical properties},
         year = 1969,
        month = jan,
       volume = {74},
       number = {25},
        pages = {5867-5881},
          doi = {10.1029/JB074i025p05867},
       adsurl = {https://ui.adsabs.harvard.edu/abs/1969JGR....74.5867C},
      adsnote = {Provided by the SAO/NASA Astrophysics Data System}
}

@ARTICLE{laver2009,
       author = {{Laver}, Conor and {de Pater}, Imke and {Marchis}, Franck and {{\'A}d{\'a}mkovics}, M{\'a}t{\'e} and {Wong}, Michael H.},
        title = "{Component-resolved near-infrared spectra of the (22) Kalliope system}",
      journal = {\icarus},
     keywords = {Earth Science, Astrophysics - Earth and Planetary Astrophysics},
         year = 2009,
        month = dec,
       volume = {204},
       number = {2},
        pages = {574-579},
          doi = {10.1016/j.icarus.2009.07.002},
archivePrefix = {arXiv},
       eprint = {0907.2220},
 primaryClass = {astro-ph.EP},
       adsurl = {https://ui.adsabs.harvard.edu/abs/2009Icar..204..574L},
      adsnote = {Provided by the SAO/NASA Astrophysics Data System}
}

@INCOLLECTION{cellino2002,
       author = {{Cellino}, A. and {Bus}, S.~J. and {Doressoundiram}, A. and {Lazzaro}, D.},
        title = "{Spectroscopic Properties of Asteroid Families}",
    booktitle = {Asteroids III},
         year = 2002,
        pages = {633-643},
       adsurl = {https://ui.adsabs.harvard.edu/abs/2002aste.book..633C},
      adsnote = {Provided by the SAO/NASA Astrophysics Data System}
}

@ARTICLE{merline2001,
       author = {{Merline}, W.~J. and {Menard}, F. and {Close}, L. and {Dumas}, C. and {Chapman}, C.~R. and {Slater}, D.~C.},
        title = "{S/2001 (22) 1}",
      journal = {\iaucirc},
         year = 2001,
        month = sep,
       volume = {7703},
        pages = {2},
       adsurl = {https://ui.adsabs.harvard.edu/abs/2001IAUC.7703....2M},
      adsnote = {Provided by the SAO/NASA Astrophysics Data System}
}

@ARTICLE{kleine2020,
       author = {{Kleine}, T. and {Budde}, G. and {Burkhardt}, C. and {Kruijer}, T.~S. and {Worsham}, E.~A. and {Morbidelli}, A. and {Nimmo}, F.},
        title = "{The Non-carbonaceous-Carbonaceous Meteorite Dichotomy}",
      journal = {\ssr},
     keywords = {Isotope anomalies, NC-CC dichotomy, Meteorites, Jupiter, Earth's accretion, Solar system dynamics},
         year = 2020,
        month = may,
       volume = {216},
       number = {4},
          eid = {55},
        pages = {55},
          doi = {10.1007/s11214-020-00675-w},
       adsurl = {https://ui.adsabs.harvard.edu/abs/2020SSRv..216...55K},
      adsnote = {Provided by the SAO/NASA Astrophysics Data System}
}

@ARTICLE{ockert-bell2010,
       author = {{Ockert-Bell}, M.~E. and {Clark}, B.~E. and {Shepard}, M.~K. and {Isaacs}, R.~A. and {Cloutis}, E.~A. and {Fornasier}, S. and {Bus}, S.~J.},
        title = "{The composition of M-type asteroids: Synthesis of spectroscopic and radar observations}",
      journal = {\icarus},
     keywords = {Earth Science},
         year = 2010,
        month = dec,
       volume = {210},
       number = {2},
        pages = {674-692},
          doi = {10.1016/j.icarus.2010.08.002},
       adsurl = {https://ui.adsabs.harvard.edu/abs/2010Icar..210..674O},
      adsnote = {Provided by the SAO/NASA Astrophysics Data System}
}

@ARTICLE{neeley2014,
       author = {{Neeley}, J.~R. and {Clark}, B.~E. and {Ockert-Bell}, M.~E. and {Shepard}, M.~K. and {Conklin}, J. and {Cloutis}, E.~A. and {Fornasier}, S. and {Bus}, S.~J.},
        title = "{The composition of M-type asteroids II: Synthesis of spectroscopic and radar observations}",
      journal = {\icarus},
     keywords = {Earth Science, Astrophysics - Earth and Planetary Astrophysics},
         year = 2014,
        month = aug,
       volume = {238},
        pages = {37-50},
          doi = {10.1016/j.icarus.2014.05.008},
archivePrefix = {arXiv},
       eprint = {1407.0750},
 primaryClass = {astro-ph.EP},
       adsurl = {https://ui.adsabs.harvard.edu/abs/2014Icar..238...37N},
      adsnote = {Provided by the SAO/NASA Astrophysics Data System}
}

@ARTICLE{rivkin2000,
       author = {{Rivkin}, A.~S. and {Howell}, E.~S. and {Lebofsky}, L.~A. and {Clark}, B.~E. and {Britt}, D.~T.},
        title = "{The nature of M-class asteroids from 3-micron observations}",
      journal = {\icarus},
     keywords = {Earth Science},
         year = 2000,
        month = jun,
       volume = {145},
       number = {2},
        pages = {351-368},
          doi = {10.1006/icar.2000.6354},
       adsurl = {https://ui.adsabs.harvard.edu/abs/2000Icar..145..351R},
      adsnote = {Provided by the SAO/NASA Astrophysics Data System}
}

@ARTICLE{haack1990,
       author = {{Haack}, H. and {Rasmussen}, K.~L. and {Warren}, P.~H.},
        title = "{Effects of regolith/megaregolith insulation on the cooling histories of differentiated asteroids.}",
      journal = {\jgr},
     keywords = {Asteroids, Planetary Evolution, Regolith, Thermal Conductivity, Astronomical Models, Cooling, Heat Transfer, Stratigraphy, ASTEROIDS, REGOLITH, THERMAL HISTORY, COOLING, DIFFERENTIATION, CORE, CONDUCTIVITY, THICKNESS, PARENT BODIES, PARAMETERS, RADIUS, CRATERING, SIZE, MODELS, IRON METEORITES, PALLASITES, METEORITES, EVOLUTION, NUMERICAL METHODS, STRATIGRAPHY, DIAGRAMS, CALCULATIONS, MANTLE, Lunar and Planetary Exploration; Asteroids, Minor Planets: Thermal History, Minor Planets: Regolith},
         year = 1990,
        month = apr,
       volume = {95},
        pages = {5111-5124},
          doi = {10.1029/JB095iB04p05111},
       adsurl = {https://ui.adsabs.harvard.edu/abs/1990JGR....95.5111H},
      adsnote = {Provided by the SAO/NASA Astrophysics Data System}
}

@ARTICLE{hevey2006,
       author = {{Hevey}, Phonsie J. and {Sanders}, Ian S.},
        title = "{A model for planetesimal meltdown by $^{26}$Al and its implications for meteorite parent bodies}",
      journal = {\maps},
     keywords = {Earth Science},
         year = 2006,
        month = jan,
       volume = {41},
       number = {1},
        pages = {95-106},
          doi = {10.1111/j.1945-5100.2006.tb00195.x},
       adsurl = {https://ui.adsabs.harvard.edu/abs/2006M&PS...41...95H},
      adsnote = {Provided by the SAO/NASA Astrophysics Data System}
}

@ARTICLE{merk2002,
       author = {{Merk}, Rainer and {Breuer}, Doris and {Spohn}, Tilman},
        title = "{Numerical Modeling of $^{26}$Al-Induced Radioactive Melting of Asteroids Considering Accretion}",
      journal = {\icarus},
     keywords = {Earth Science},
         year = 2002,
        month = sep,
       volume = {159},
       number = {1},
        pages = {183-191},
          doi = {10.1006/icar.2002.6872},
       adsurl = {https://ui.adsabs.harvard.edu/abs/2002Icar..159..183M},
      adsnote = {Provided by the SAO/NASA Astrophysics Data System}
}

@ARTICLE{urey1955,
       author = {{Urey}, Harold C.},
        title = "{The Cosmic Abundances of Potassium, Uranium, and Thorium and the Heat Balances of the Earth, the Moon, and Mars}",
      journal = {Proceedings of the National Academy of Science},
         year = 1955,
        month = mar,
       volume = {41},
       number = {3},
        pages = {127-144},
          doi = {10.1073/pnas.41.3.127},
       adsurl = {https://ui.adsabs.harvard.edu/abs/1955PNAS...41..127U},
      adsnote = {Provided by the SAO/NASA Astrophysics Data System}
}

@ARTICLE{sahijpal2007,
       author = {{Sahijpal}, S. and {Soni}, P. and {Gupta}, G.},
        title = "{Numerical simulations of the differentiation of accreting planetesimals with 26Al and 60Fe as the heat sources}",
      journal = {\maps},
     keywords = {Earth Science},
         year = 2007,
        month = jan,
       volume = {42},
       number = {9},
        pages = {1529-1548},
          doi = {10.1111/j.1945-5100.2007.tb00589.x},
       adsurl = {https://ui.adsabs.harvard.edu/abs/2007M&PS...42.1529S},
      adsnote = {Provided by the SAO/NASA Astrophysics Data System}
}


@PHDTHESIS{bus1999,
       author = {{Bus}, Schelte John},
        title = "{Compositional structure in the asteroid belt: Results of a spectroscopic survey}",
     keywords = {Physics: Astronomy and Astrophysics, Remote Sensing},
       school = {Massachusetts Institute of Technology},
         year = 1999,
        month = jan,
       adsurl = {https://ui.adsabs.harvard.edu/abs/1999PhDT........50B},
      adsnote = {Provided by the SAO/NASA Astrophysics Data System}
}

@ARTICLE{demeo2009,
       author = {{DeMeo}, Francesca E. and {Binzel}, Richard P. and {Slivan}, Stephen M. and {Bus}, Schelte J.},
        title = "{An extension of the Bus asteroid taxonomy into the near-infrared}",
      journal = {\icarus},
     keywords = {Asteroids, Spectroscopy},
         year = 2009,
        month = jul,
       volume = {202},
       number = {1},
        pages = {160-180},
          doi = {10.1016/j.icarus.2009.02.005},
       adsurl = {https://ui.adsabs.harvard.edu/abs/2009Icar..202..160D},
      adsnote = {Provided by the SAO/NASA Astrophysics Data System}
}

@ARTICLE{chichura2022,
       author = {{Chichura}, P.~M. and {Foster}, A. and {Patel}, C. and {Ossa-Jaen}, N. and {Ade}, P.~A.~R. and {Ahmed}, Z. and {Anderson}, A.~J. and {Archipley}, M. and {Austermann}, J.~E. and {Avva}, J.~S. and {Balkenhol}, L. and {Barry}, P.~S. and {Thakur}, R. Basu and {Beall}, J.~A. and {Benabed}, K. and {Bender}, A.~N. and {Benson}, B.~A. and {Bianchini}, F. and {Bleem}, L.~E. and {Bouchet}, F.~R. and {Bryant}, L. and {Byrum}, K. and {Carlstrom}, J.~E. and {Carter}, F.~W. and {Cecil}, T.~W. and {Chang}, C.~L. and {Chaubal}, P. and {Chen}, G. and {Chiang}, H.~C. and {Cho}, H. -M. and {Chou}, T. -L. and {Citron}, R. and {Cliche}, J. -F. and {Crawford}, T.~M. and {Crites}, A.~T. and {Cukierman}, A. and {Daley}, C.~M. and {Denison}, E.~V. and {Dibert}, K. and {Ding}, J. and {Dobbs}, M.~A. and {Dutcher}, D. and {Everett}, W. and {Feng}, C. and {Ferguson}, K.~R. and {Fu}, J. and {Galli}, S. and {Gallicchio}, J. and {Gambrel}, A.~E. and {Gardner}, R.~W. and {George}, E.~M. and {Goeckner-Wald}, N. and {Gualtieri}, R. and {Guns}, S. and {Gupta}, N. and {Guyser}, R. and {de Haan}, T. and {Halverson}, N.~W. and {Harke-Hosemann}, A.~H. and {Harrington}, N.~L. and {Henning}, J.~W. and {Hilton}, G.~C. and {Hivon}, E. and {Holder}, G.~P. and {Holzapfel}, W.~L. and {Hood}, J.~C. and {Howe}, D. and {Hrubes}, J.~D. and {Huang}, N. and {Hubmayr}, J. and {Irwin}, K.~D. and {Jeong}, O.~B. and {Jonas}, M. and {Jones}, A. and {Khaire}, T.~S. and {Knox}, L. and {Kofman}, A.~M. and {Korman}, M. and {Kubik}, D.~L. and {Kuhlmann}, S. and {Kuo}, C. -L. and {Lee}, A.~T. and {Leitch}, E.~M. and {Li}, D. and {Lowitz}, A. and {Lu}, C. and {Marrone}, D.~P. and {McMahon}, J.~J. and {Meyer}, S.~S. and {Michalik}, D. and {Millea}, M. and {Mocanu}, L.~M. and {Montgomery}, J. and {Moran}, C. Corbett and {Nadolski}, A. and {Natoli}, T. and {Nguyen}, H. and {Nibarger}, J.~P. and {Noble}, G. and {Novosad}, V. and {Omori}, Y. and {Padin}, S. and {Pan}, Z. and {Paschos}, P. and {Patil}, S. and {Pearson}, J. and {Phadke}, K.~A. and {Posada}, C.~M. and {Prabhu}, K. and {Pryke}, C. and {Quan}, W. and {Rahlin}, A. and {Reichardt}, C.~L. and {Riebel}, D. and {Riedel}, B. and {Rouble}, M. and {Ruhl}, J.~E. and {Saliwanchik}, B.~R. and {Sayre}, J.~T. and {Schaffer}, K.~K. and {Schiappucci}, E. and {Shirokoff}, E. and {Sievers}, C. and {Smecher}, G. and {Sobrin}, J.~A. and {Springmann}, A. and {Stark}, A.~A. and {Stephen}, J. and {Story}, K.~T. and {Suzuki}, A. and {Tandoi}, C. and {Thompson}, K.~L. and {Thorne}, B. and {Tucker}, C. and {Umilta}, C. and {Vale}, L.~R. and {Veach}, T. and {Vieira}, J.~D. and {Wang}, G. and {Whitehorn}, N. and {Wu}, W.~L.~K. and {Yefremenko}, V. and {Yoon}, K.~W. and {Young}, M.~R.},
        title = "{Asteroid Measurements at Millimeter Wavelengths with the South Pole Telescope}",
      journal = {\apj},
     keywords = {Asteroids, Asteroid surfaces, Millimeter astronomy, Cosmic microwave background radiation, 72, 2209, 1061, 322, Astrophysics - Earth and Planetary Astrophysics},
         year = 2022,
        month = sep,
       volume = {936},
       number = {2},
          eid = {173},
        pages = {173},
          doi = {10.3847/1538-4357/ac89ec},
archivePrefix = {arXiv},
       eprint = {2202.01406},
 primaryClass = {astro-ph.EP},
       adsurl = {https://ui.adsabs.harvard.edu/abs/2022ApJ...936..173C},
      adsnote = {Provided by the SAO/NASA Astrophysics Data System}
}

@ARTICLE{orlowski2024,
       author = {{Orlowski-Scherer}, John and {Venterea}, Ricco C. and {Battaglia}, Nicholas and {Naess}, Sigurd and {Bhandarkar}, Tanay and {Biermann}, Emily and {Calabrese}, Erminia and {Devlin}, Mark and {Dunkley}, Jo and {Herv{\'\i}as-Caimapo}, Carlos and {Gallardo}, Patricio A. and {Hilton}, Matt and {Hincks}, Adam D. and {Knowles}, Kenda and {Li}, Yaqiong and {McMahon}, Jeffrey J. and {Niemack}, Michael D. and {Page}, Lyman A. and {Partridge}, Bruce and {Salatino}, Maria and {Sievers}, Jonathan and {Sif{\'o}n}, Crist{\'o}bal and {Staggs}, Suzanne and {van Engelen}, Alexander and {Vargas}, Cristian and {Vavagiakis}, Eve M. and {Wollack}, Edward J.},
        title = "{The Atacama Cosmology Telescope: Millimeter Observations of a Population of Asteroids or: ACTeroids}",
      journal = {\apj},
     keywords = {Asteroids, Cosmic microwave background radiation, Millimeter astronomy, 72, 322, 1061, Astrophysics - Earth and Planetary Astrophysics},
         year = 2024,
        month = apr,
       volume = {964},
       number = {2},
          eid = {138},
        pages = {138},
          doi = {10.3847/1538-4357/ad21fe},
archivePrefix = {arXiv},
       eprint = {2306.05468},
 primaryClass = {astro-ph.EP},
       adsurl = {https://ui.adsabs.harvard.edu/abs/2024ApJ...964..138O},
      adsnote = {Provided by the SAO/NASA Astrophysics Data System}
}

@ARTICLE{demeo2022,
       author = {{DeMeo}, Francesca E. and {Burt}, Brian J. and {Marsset}, Micha{\"e}l and {Polishook}, David and {Burbine}, Thomas H. and {Carry}, Beno{\^\i}t and {Binzel}, Richard P. and {Vernazza}, Pierre and {Reddy}, Vishnu and {Tang}, Michelle and {Thomas}, Cristina A. and {Rivkin}, Andrew S. and {Moskovitz}, Nicholas A. and {Slivan}, Stephen M. and {Bus}, Schelte J.},
        title = "{Connecting asteroids and meteorites with visible and near-infrared spectroscopy}",
      journal = {\icarus},
     keywords = {Asteroids, composition, surfaces, Meteorites, Spectroscopy, Astrophysics - Earth and Planetary Astrophysics, Physics - Geophysics},
         year = 2022,
        month = jul,
       volume = {380},
          eid = {114971},
        pages = {114971},
          doi = {10.1016/j.icarus.2022.114971},
archivePrefix = {arXiv},
       eprint = {2202.13797},
 primaryClass = {astro-ph.EP},
       adsurl = {https://ui.adsabs.harvard.edu/abs/2022Icar..38014971D},
      adsnote = {Provided by the SAO/NASA Astrophysics Data System}
}

@ARTICLE{trigo-rodriguez2014,
       author = {{Trigo-Rodr{\'\i}guez}, Josep M. and {Moyano-Cambero}, Carles E. and {Llorca}, Jordi and {Fornasier}, Sonia and {Barucci}, Maria A. and {Belskaya}, Irina and {Martins}, Zita and {Rivkin}, Andy S. and {Dotto}, Elisabetta and {Madiedo}, Jos{\'e} M. and {Jacinto}, Alonso-Azc{\'a}rate},
        title = "{UV to far-IR reflectance spectra of carbonaceous chondrites - I. Implications for remote characterization of dark primitive asteroids targeted by sample-return missions}",
      journal = {\mnras},
     keywords = {instrumentation: spectrographs, techniques: imaging spectroscopy, meteorites, meteors, meteoroids, minor planets, asteroids: general, comets: general, Astrophysics - Earth and Planetary Astrophysics, Astrophysics - Instrumentation and Methods for Astrophysics},
         year = 2014,
        month = jan,
       volume = {437},
       number = {1},
        pages = {227-240},
          doi = {10.1093/mnras/stt1873},
archivePrefix = {arXiv},
       eprint = {1310.1742},
 primaryClass = {astro-ph.EP},
       adsurl = {https://ui.adsabs.harvard.edu/abs/2014MNRAS.437..227T},
      adsnote = {Provided by the SAO/NASA Astrophysics Data System}
}

@ARTICLE{gaffey1993,
       author = {{Gaffey}, Michael J. and {Bell}, Jeffrey F. and {Brown}, R. Hamilton and {Burbine}, Thomas H. and {Piatek}, Jennifer L. and {Reed}, Kevin L. and {Chaky}, Damon A.},
        title = "{Mineralogical Variations within the S-Type Asteroid Class}",
      journal = {\icarus},
     keywords = {Asteroids, Mineralogy, Spectrum Analysis, Chemical Composition, Minerals, Silicates, Feldspars, Iron Alloys, Nickel Alloys, Protoplanets, Olivine},
         year = 1993,
        month = dec,
       volume = {106},
       number = {2},
        pages = {573-602},
          doi = {10.1006/icar.1993.1194},
       adsurl = {https://ui.adsabs.harvard.edu/abs/1993Icar..106..573G},
      adsnote = {Provided by the SAO/NASA Astrophysics Data System}
}

@ARTICLE{gaffey1978,
       author = {{Gaffey}, M.~J. and {McCord}, T.~B.},
        title = "{Asteroid Surface Materials: Minerological Characterizations from Reflectance Spectra}",
      journal = {\ssr},
     keywords = {Asteroids, Astronomical Spectroscopy, Mineralogy, Planetary Composition, Planetary Surfaces, Spectral Reflectance, Abundance, Meteoritic Composition, Petrology, Solar System, Spectrum Analysis, Stellar Evolution, Thermal Environments, ASTEROIDS, SURFACE, MINERALS, COMPOSITION, METEORITES, SPECTRA, REFLECTIVITY, OPTICAL PROPERTIES, SPECTRUM, MINERALOGY, PETROLOGY, Lunar and Planetary Exploration; Asteroids},
         year = 1978,
        month = mar,
       volume = {21},
       number = {5},
        pages = {555-628},
          doi = {10.1007/BF00240908},
       adsurl = {https://ui.adsabs.harvard.edu/abs/1978SSRv...21..555G},
      adsnote = {Provided by the SAO/NASA Astrophysics Data System}
}

@ARTICLE{demeo2019,
       author = {{DeMeo}, Francesca E. and {Polishook}, David and {Carry}, Beno{\^\i}t and {Burt}, Brian J. and {Hsieh}, Henry H. and {Binzel}, Richard P. and {Moskovitz}, Nicholas A. and {Burbine}, Thomas H.},
        title = "{Olivine-dominated A-type asteroids in the main belt: Distribution, abundance and relation to families}",
      journal = {\icarus},
     keywords = {Asteroids, Spectroscopy, Astrophysics - Earth and Planetary Astrophysics},
         year = 2019,
        month = apr,
       volume = {322},
        pages = {13-30},
          doi = {10.1016/j.icarus.2018.12.016},
archivePrefix = {arXiv},
       eprint = {1901.02797},
 primaryClass = {astro-ph.EP},
       adsurl = {https://ui.adsabs.harvard.edu/abs/2019Icar..322...13D},
      adsnote = {Provided by the SAO/NASA Astrophysics Data System}
}

@ARTICLE{vachier2012,
       author = {{Vachier}, F. and {Berthier}, J. and {Marchis}, F.},
        title = "{Determination of binary asteroid orbits with a genetic-based algorithm}",
      journal = {\aap},
     keywords = {celestial mechanics, instrumentation: adaptive optics, minor planets, asteroids: general, methods: data analysis, ephemerides},
         year = 2012,
        month = jul,
       volume = {543},
          eid = {A68},
        pages = {A68},
          doi = {10.1051/0004-6361/201118408},
       adsurl = {https://ui.adsabs.harvard.edu/abs/2012A&A...543A..68V},
      adsnote = {Provided by the SAO/NASA Astrophysics Data System}
}

@ARTICLE{drummond2021,
       author = {{Drummond}, Jack D. and {Merline}, W.~J. and {Carry}, B. and {Conrad}, A. and {Tamblyn}, P. and {Enke}, B. and {Christou}, J. and {Dumas}, C. and {Chapman}, C.~R. and {Durda}, D.~D. and {Owen}, W.~M. and {Grundy}, W.~M. and {Reynolds}, O.~R. and {Buckman}, M.~D.},
        title = "{The orbit of asteroid (317) Roxane's satellite Olympias from Gemini, Keck, VLT and the SOR, and (22) Kalliope's Linus from the SOR}",
      journal = {\icarus},
     keywords = {Asteroid Roxane, Asteroid Kalliope, Satellites of asteroids, Adaptive optics, Image processing},
         year = 2021,
        month = apr,
       volume = {358},
          eid = {114275},
        pages = {114275},
          doi = {10.1016/j.icarus.2020.114275},
       adsurl = {https://ui.adsabs.harvard.edu/abs/2021Icar..35814275D},
      adsnote = {Provided by the SAO/NASA Astrophysics Data System}
}

@ARTICLE{kruijer2017,
       author = {{Kruijer}, Thomas S. and {Burkhardt}, Christoph and {Budde}, Gerrit and {Kleine}, Thorsten},
        title = "{Age of Jupiter inferred from the distinct genetics and formation times of meteorites}",
      journal = {Proceedings of the National Academy of Science},
     keywords = {Jupiter, giant planet formation, nucleosynthetic isotope anomalies, Hf-W chronometry, solar nebula},
         year = 2017,
        month = jun,
       volume = {114},
       number = {26},
        pages = {6712-6716},
          doi = {10.1073/pnas.1704461114},
       adsurl = {https://ui.adsabs.harvard.edu/abs/2017PNAS..114.6712K},
      adsnote = {Provided by the SAO/NASA Astrophysics Data System}
}


@ARTICLE{rozitis2020asteroid,
       author = {{Rozitis}, B. and {Ryan}, A.~J. and {Emery}, J.~P. and {Christensen}, P.~R. and {Hamilton}, V.~E. and {Simon}, A.~A. and {Reuter}, D.~C. and {Al Asad}, M. and {Ballouz}, R. -L. and {Bandfield}, J.~L. and {Barnouin}, O.~S. and {Bennett}, C.~A. and {Bernacki}, M. and {Burke}, K.~N. and {Cambioni}, S. and {Clark}, B.~E. and {Daly}, M.~G. and {Delbo}, M. and {DellaGiustina}, D.~N. and {Elder}, C.~M. and {Hanna}, R.~D. and {Haberle}, C.~W. and {Howell}, E.~S. and {Golish}, D.~R. and {Jawin}, E.~R. and {Kaplan}, H.~H. and {Lim}, L.~F. and {Molaro}, J.~L. and {Munoz}, D. Pino and {Nolan}, M.~C. and {Rizk}, B. and {Siegler}, M.~A. and {Susorney}, H.~C.~M. and {Walsh}, K.~J. and {Lauretta}, D.~S.},
        title = "{Asteroid (101955) Bennu's weak boulders and thermally anomalous equator}",
      journal = {Science Advances},
         year = 2020,
        month = oct,
       volume = {6},
       number = {41},
        pages = {eabc3699},
          doi = {10.1126/sciadv.abc3699},
       adsurl = {https://ui.adsabs.harvard.edu/abs/2020SciA....6.3699R},
      adsnote = {Provided by the SAO/NASA Astrophysics Data System}
}

@misc{dataset_Cambionietal_2022, title={Maps of thermal inertia, dielectric constant and brightness temperature of asteroid (16) Psyche derived from ALMA data}, DOI={10.5281/zenodo.6321315}, abstractNote={<p>These data and results are in support of the findings by Cambioni, S., de Kleer, K. and Shepard, M. in their paper &quot;The Heterogeneous Surface of Asteroid (16) Psyche&quot;, in review.</p>}, publisher={Zenodo}, author={Saverio Cambioni and Katherine de Kleer and Michael Shepard}, year={2022}, month={Mar} }

@article{ERMAKOV2014146,
title = {Constraints on Vesta’s interior structure using gravity and shape models from the Dawn mission},
journal = {Icarus},
volume = {240},
pages = {146-160},
year = {2014},
note = {Bright and Dark Materials on Vesta},
issn = {0019-1035},
doi = {https://doi.org/10.1016/j.icarus.2014.05.015},
url = {https://www.sciencedirect.com/science/article/pii/S0019103514002681},
author = {Anton I. Ermakov and Maria T. Zuber and David E. Smith and Carol A. Raymond and Georges Balmino and Roger R. Fu and Boris A. Ivanov},
keywords = {Asteroids, composition, Vesta, Interiors, Geophysics, Meteorites},
abstract = {We use the shape and gravity field of Vesta determined from observations of the Dawn spacecraft to place constraints on the asteroid’s interior structure. We compute a three-layer interior structure model by minimizing the power of the residual gravity anomaly. The densities of the mantle and crust are based on constraints derived from the Howardite–Eucrite–Diogenite (HED) meteorites. Vesta’s present-day shape is not in hydrostatic equilibrium. The Rheasilvia and Veneneia impact basins have a large effect on Vesta’s shape and are the main source of deviation from hydrostatic shape. Constraining a pre-giant-impact rotation rate and orientation of the spin axis from an ellipsoidal fit to the parts of Vesta unaffected by the giant impacts, and using the theory of figure, we can constrain the shape of the core. Our solution for Vesta’s crust–mantle interface reveals a belt of thick crust around Rheasilvia and Veneneia. The thinnest crust is in the floor of the two basins and in the Vestalia Terra region. Our solution does not reveal an uplift of the crust–mantle boundary to the surface in the largest basins. This, together with the lack of olivine detected by the Visible and Infrared Spectrometer (VIR) data in Rheasilvia and Veneneia, indicates that Vesta’s presumed olivine mantle was either not brought to the surface by these large impacts or was covered by ejecta from subsequent impacts.}
}

@PHDTHESIS{2004PhDDelbo,
       author = {{Delbo}, Marco},
        title = "{The nature of near-earth asteroids from the study of their thermal infrared emission}",
       school = {Free University of Berlin, Germany},
         year = 2004,
        month = jan,
       adsurl = {https://ui.adsabs.harvard.edu/abs/2004PhDT.......371D},
      adsnote = {Provided by the SAO/NASA Astrophysics Data System}
}



@ARTICLE{lebofsky1986,
       author = {{Lebofsky}, L.~A. and {Sykes}, M.~V. and {Tedesco}, E.~F. and {Veeder}, G.~J. and {Matson}, D.~L. and {Brown}, R.~H. and {Gradie}, J.~C. and {Feierberg}, M.~A. and {Rudy}, R.~J.},
        title = "{A refined ``standard'' thermal model for asteroids based on observations of 1 Ceres and 2 Pallas}",
      journal = {Icarus},
     keywords = {Asteroids, Astronomical Models, Ceres Asteroid, Thermal Radiation, Infrared Radiation, Light Curve, Magnitude, ASTEROIDS, THERMAL PROPERTIES, MODELS, CERES, PALLAS, INFRARED, DATA, WAVELENGTHS, EARTH-BASED OBSERVATIONS, PARAMETERS, ANALYSIS, DIAMETERS, ASTRONOMY, MAGNITUDE, COMPARISONS, BEAMING, Lunar and Planetary Exploration; Asteroids},
         year = 1986,
        month = nov,
       volume = {68},
       number = {2},
        pages = {239-251},
          doi = {10.1016/0019-1035(86)90021-7},
       adsurl = {https://ui.adsabs.harvard.edu/abs/1986Icar...68..239L},
      adsnote = {Provided by the SAO/NASA Astrophysics Data System}
}

@article{penn1997effect,
  title={Effect of porosity and grain size on the microwave dielectric properties of sintered alumina},
  author={Penn, Stuart J and Alford, Neil McN and Templeton, Alan and Wang, Xiaoru and Xu, Meishing and Reece, Michael and Schrapel, Kevin},
  journal={Journal of the American Ceramic Society},
  volume={80},
  number={7},
  pages={1885--1888},
  year={1997},
  publisher={Wiley Online Library}
}

@ARTICLE{2003MBritt,
       author = {{Britt}, D.~T. and {Consolmagno}, G.~J.},
        title = "{Stony meteorite porosities and densities: A review of the data through 2001}",
      journal = {Meteoritics \& Planetary Science},
         year = 2003,
        month = aug,
       volume = {38},
       number = {8},
        pages = {1161-1180},
          doi = {10.1111/j.1945-5100.2003.tb00305.x},
       adsurl = {https://ui.adsabs.harvard.edu/abs/2003M&PS...38.1161B},
      adsnote = {Provided by the SAO/NASA Astrophysics Data System}
}

@article{Sullivan2019,
  doi = {10.21105/joss.01450},
  url = {https://doi.org/10.21105/joss.01450},
  year = {2019},
  publisher = {The Open Journal},
  volume = {4},
  number = {37},
  pages = {1450},
  author = {C. Bane Sullivan and Alexander A. Kaszynski},
  title = {PyVista: 3D plotting and mesh analysis through a streamlined interface for the Visualization Toolkit (VTK)},
  journal = {Journal of Open Source Software}
}


@ARTICLE{2011IcarFornasier,
       author = {{Fornasier}, S. and {Clark}, B.~E. and {Dotto}, E.},
        title = "{Spectroscopic survey of X-type asteroids}",
      journal = {Icarus},
     keywords = {Astrophysics - Earth and Planetary Astrophysics},
         year = 2011,
        month = jul,
       volume = {214},
       number = {1},
        pages = {131-146},
          doi = {10.1016/j.icarus.2011.04.022},
archivePrefix = {arXiv},
       eprint = {1105.3380},
 primaryClass = {astro-ph.EP},
       adsurl = {https://ui.adsabs.harvard.edu/abs/2011Icar..214..131F},
      adsnote = {Provided by the SAO/NASA Astrophysics Data System}
}

@ARTICLE{2008AABarucci,
       author = {{Barucci}, M.~A. and {Fornasier}, S. and {Dotto}, E. and {Lamy}, P.~L. and {Jorda}, L. and {Groussin}, O. and {Brucato}, J.~R. and {Carvano}, J. and {Alvarez-Candal}, A. and {Cruikshank}, D. and {Fulchignoni}, M.},
        title = "{Asteroids 2867 Steins and 21 Lutetia: surface composition from far infrared observations with the Spitzer space telescope}",
      journal = {Astronomy and Astrophysics},
     keywords = {minor planets, asteroids, techniques: spectroscopic, methods: observational},
         year = 2008,
        month = jan,
       volume = {477},
       number = {2},
        pages = {665-670},
          doi = {10.1051/0004-6361:20078085},
       adsurl = {https://ui.adsabs.harvard.edu/abs/2008A&A...477..665B},
      adsnote = {Provided by the SAO/NASA Astrophysics Data System}
}

@INCOLLECTION{2015asteBenner,
       author = {{Benner}, L.~A.~M. and {Busch}, M.~W. and {Giorgini}, J.~D. and {Taylor}, P.~A. and {Margot}, J. -L.},
        title = "{Radar Observations of Near-Earth and Main-Belt Asteroids}",
    booktitle = {Asteroids IV},
         year = 2015,
        pages = {165-182},
          doi = {10.2458/azu\_uapress\_9780816532131-ch009},
       adsurl = {https://ui.adsabs.harvard.edu/abs/2015aste.book..165B},
      adsnote = {Provided by the SAO/NASA Astrophysics Data System}
}




@ARTICLE{2009IcaVernazza,
       author = {{Vernazza}, P. and {Brunetto}, R. and {Binzel}, R.~P. and {Perron}, C. and {Fulvio}, D. and {Strazzulla}, G. and {Fulchignoni}, M.},
        title = "{Plausible parent bodies for enstatite chondrites and mesosiderites: Implications for Lutetia's fly-by}",
      journal = {Icarus},
         year = 2009,
        month = aug,
       volume = {202},
       number = {2},
        pages = {477-486},
          doi = {10.1016/j.icarus.2009.03.016},
       adsurl = {https://ui.adsabs.harvard.edu/abs/2009Icar..202..477V},
      adsnote = {Provided by the SAO/NASA Astrophysics Data System}
}



@ARTICLE{1999IcarDavis,
       author = {{Davis}, Donald R. and {Farinella}, Paolo and {Marzari}, Francesco},
        title = "{The Missing Psyche Family: Collisionally Eroded or Never Formed?}",
      journal = {Icarus},
         year = 1999,
        month = jan,
       volume = {137},
       number = {1},
        pages = {140-151},
          doi = {10.1006/icar.1998.6037},
       adsurl = {https://ui.adsabs.harvard.edu/abs/1999Icar..137..140D},
      adsnote = {Provided by the SAO/NASA Astrophysics Data System}
}



@ARTICLE{2017SciDelbo,
       author = {{Delbo'}, Marco and {Walsh}, Kevin and {Bolin}, Bryce and {Avdellidou}, Chrysa and {Morbidelli}, Alessandro},
        title = "{Identification of a primordial asteroid family constrains the original planetesimal population}",
      journal = {Science},
     keywords = {ASTRONOMY; PLANET SCI},
         year = 2017,
        month = sep,
       volume = {357},
       number = {6355},
        pages = {1026-1029},
          doi = {10.1126/science.aam6036},
       adsurl = {https://ui.adsabs.harvard.edu/abs/2017Sci...357.1026D},
      adsnote = {Provided by the SAO/NASA Astrophysics Data System}
}

@article{vincent2012effect,
  title={Effect of porosity on the thermal conductivity of copper processed by powder metallurgy},
  author={Vincent, C{\'e}cile and Silvain, Jean-Fran{\c{c}}ois and Heintz, Jean-Marc and Chandra, Namas},
  journal={Journal of Physics and Chemistry of Solids},
  volume={73},
  number={3},
  pages={499--504},
  year={2012},
  publisher={Elsevier}
}

@ARTICLE{2020NatJohnson,
       author = {{Johnson}, Brandon C. and {Sori}, Michael M. and {Evans}, Alexander J.},
        title = "{Ferrovolcanism on metal worlds and the origin of pallasites}",
      journal = {Nature Astronomy},
     keywords = {Astrophysics - Earth and Planetary Astrophysics},
         year = 2020,
        month = jan,
       volume = {4},
        pages = {41-44},
          doi = {10.1038/s41550-019-0885-x},
archivePrefix = {arXiv},
       eprint = {1909.07451},
 primaryClass = {astro-ph.EP},
       adsurl = {https://ui.adsabs.harvard.edu/abs/2020NatAs...4...41J},
      adsnote = {Provided by the SAO/NASA Astrophysics Data System}
}



@ARTICLE{2013ConsolmagnoSchaefer,
       author = {{Consolmagno}, Guy J. and {Schaefer}, Martha W. and {Schaefer}, Bradley E. and {Britt}, Daniel T. and {Macke}, Robert J. and {Nolan}, Michael C. and {Howell}, Ellen S.},
        title = "{The measurement of meteorite heat capacity at low temperatures using liquid nitrogen vaporization}",
      journal = {Planetary and Space Science},
         year = 2013,
        month = oct,
       volume = {87},
        pages = {146-156},
          doi = {10.1016/j.pss.2013.07.009},
       adsurl = {https://ui.adsabs.harvard.edu/abs/2013P&SS...87..146C},
      adsnote = {Provided by the SAO/NASA Astrophysics Data System}
}



@ARTICLE{2013Consolmagno,
       author = {{Consolmagno}, G.~J. and {Britt}, D.~T.},
        title = "{Iron Meteorite Density and Heat Capacity}",
      journal = {Meteoritics and Planetary Science Supplement},
         year = 2013,
        month = sep,
       volume = {76},
          eid = {5128},
        pages = {5128},
       adsurl = {https://ui.adsabs.harvard.edu/abs/2013M&PSA..76.5128C},
      adsnote = {Provided by the SAO/NASA Astrophysics Data System}
}



@INBOOK{2015asteScott,
       author = {{Scott}, E.~R.~D. and {Keil}, K. and {Goldstein}, J.~I. and {Asphaug}, E. and {Bottke}, W.~F. and {Moskovitz}, N.~A.},
        title = "{Early Impact History and Dynamical Origin of Differentiated Meteorites and Asteroids}",
    booktitle = {Asteroids IV},
         year = 2015,
        pages = {573-595},
          doi = {10.2458/azu_uapress_9780816532131-ch030},
       adsurl = {https://ui.adsabs.harvard.edu/abs/2015aste.book..573S},
      adsnote = {Provided by the SAO/NASA Astrophysics Data System}
}

@ARTICLE{cambioni2019constraining,
       author = {{Cambioni}, Saverio and {Delbo}, Marco and {Ryan}, Andrew J. and {Furfaro}, Roberto and {Asphaug}, Erik},
        title = "{Constraining the thermal properties of planetary surfaces using machine learning: Application to airless bodies}",
      journal = {Icarus},
     keywords = {Asteroids, Surfaces, Regoliths, Infrared observations, Machine learning, Astrophysics - Earth and Planetary Astrophysics},
         year = 2019,
        month = jun,
       volume = {325},
        pages = {16-30},
          doi = {10.1016/j.icarus.2019.01.017},
archivePrefix = {arXiv},
       eprint = {1902.08631},
 primaryClass = {astro-ph.EP},
       adsurl = {https://ui.adsabs.harvard.edu/abs/2019Icar..325...16C},
      adsnote = {Provided by the SAO/NASA Astrophysics Data System}
}

@article{sullivan2019pyvista,
  title={PyVista: 3D plotting and mesh analysis through a streamlined interface for the Visualization Toolkit (VTK)},
  author={Sullivan, C Bane and Kaszynski, Alexander A},
  journal={Journal of Open Source Software},
  volume={4},
  number={37},
  pages={1450},
  year={2019}
}

@article{hanuvs2015thermophysical,
  title={Thermophysical modeling of asteroids from WISE thermal infrared data--Significance of the shape model and the pole orientation uncertainties},
  author={Hanu{\v{s}}, Josef and Delbo, Marco and {\v{D}}urech, Josef and Al{\'\i}-Lagoa, Victor},
  journal={Icarus},
  volume={256},
  pages={101--116},
  year={2015},
  publisher={Elsevier}
}

@ARTICLE{matter2013,
       author = {{Matter}, Alexis and {Delbo}, Marco and {Carry}, Benoit and {Ligori}, Sebastiano},
        title = "{Evidence of a metal-rich surface for the Asteroid (16) Psyche from interferometric observations in the thermal infrared}",
      journal = {Icarus},
     keywords = {Astrophysics - Earth and Planetary Astrophysics},
         year = 2013,
        month = sep,
       volume = {226},
       number = {1},
        pages = {419-427},
          doi = {10.1016/j.icarus.2013.06.004},
archivePrefix = {arXiv},
       eprint = {1306.2455},
 primaryClass = {astro-ph.EP},
       adsurl = {https://ui.adsabs.harvard.edu/abs/2013Icar..226..419M},
      adsnote = {Provided by the SAO/NASA Astrophysics Data System}
}

@ARTICLE{redman1998,
       author = {{Redman}, Russell O. and {Feldman}, P.~A. and {Matthews}, H.~E.},
        title = "{High-Quality Photometry of Asteroids at Millimeter and Submillimeter Wavelengths}",
      journal = {Astronomical Journal},
     keywords = {MINOR PLANETS, ASTEROIDS, RADIO CONTINUUM, TECHNIQUES: PHOTOMETRIC},
         year = 1998,
        month = sep,
       volume = {116},
       number = {3},
        pages = {1478-1490},
          doi = {10.1086/300495},
       adsurl = {https://ui.adsabs.harvard.edu/abs/1998AJ....116.1478R},
      adsnote = {Provided by the SAO/NASA Astrophysics Data System}
}

@ARTICLE{brouet2014,
       author = {{Brouet}, Y. and {Levasseur-Regourd}, A.~C. and {Encrenaz}, P. and {Gulkis}, S.},
        title = "{Permittivity of porous granular matter, in relation with Rosetta cometary mission}",
      journal = {Planetary and Space Science},
         year = 2014,
        month = nov,
       volume = {103},
        pages = {143-152},
          doi = {10.1016/j.pss.2014.08.012},
       adsurl = {https://ui.adsabs.harvard.edu/abs/2014P&SS..103..143B},
      adsnote = {Provided by the SAO/NASA Astrophysics Data System}
}

@ARTICLE{ostro1985,
       author = {{Ostro}, S.~J. and {Campbell}, D.~B. and {Shapiro}, I.~I.},
        title = "{Mainbelt Asteroids: Dual-Polarization Radar Observations}",
      journal = {Science},
     keywords = {Asteroid Belts, Planetary Surfaces, Radar Astronomy, Albedo, Metallicity, Polarization Characteristics, Porosity, Radar Echoes, Surface Roughness, Astronomy; Asteroids, ASTEROIDS, POLARIZATION, ASTRONOMY, RADAR METHODS, OBSERVATIONS, SURFACE, PHYSICAL PROPERTIES, CHARACTERISTICS, PALLAS, ROUGHNESS, COMPARISONS, ALBEDO, POROSITY, METALS, CONCENTRATION, PSYCHE, COMPOSITION},
         year = 1985,
        month = aug,
       volume = {229},
       number = {4712},
        pages = {442-446},
          doi = {10.1126/science.229.4712.442},
       adsurl = {https://ui.adsabs.harvard.edu/abs/1985Sci...229..442O},
      adsnote = {Provided by the SAO/NASA Astrophysics Data System}
}

@ARTICLE{hickson2020,
       author = {{Hickson}, D.~C. and {Boivin}, A.~L. and {Tsai}, C.~A. and {Daly}, M.~G. and {Ghent}, R.~R.},
        title = "{Modeling the Dielectric Properties of Minerals From Crystals to Bulk Powders for Improved Interpretation of Asteroid Radar Observations}",
      journal = {Journal of Geophysical Research (Planets)},
     keywords = {asteroids, small bodies, radar, permittivity, mixing equations, porosity},
         year = 2020,
        month = jul,
       volume = {125},
       number = {7},
          eid = {e06141},
        pages = {e06141},
          doi = {10.1029/2019JE006141},
       adsurl = {https://ui.adsabs.harvard.edu/abs/2020JGRE..12506141H},
      adsnote = {Provided by the SAO/NASA Astrophysics Data System}
}

@article{shepard2021,
  title="{Asteroid 16 Psyche: Shape, Features, and Global Map}",
  author={Shepard, Michael K and de Kleer, Katherine and Cambioni, Saverio and Taylor, Patrick A and Virkki, Anne K and R{\'\i}vera-Valentin, Edgard G and Sanchez-Vahamonde, Carolina Rodriguez and Zambrano-Marin, Luisa Fernanda and Magri, Christopher and Dunham, David and others},
  journal={The Planetary Science Journal},
  volume={2},
  number={4},
  pages={125},
  year={2021},
  doi = {10.3847/PSJ/abfdba},
  publisher={IOP Publishing}
}

@ARTICLE{2002AAKuzmanoski,
       author = {{Kuzmanoski}, M. and {Kova{\v{c}}evi{\'c}}, A.},
        title = "{Motion of the asteroid (13206) 1997GC22 and the mass of (16) Psyche}",
      journal = {Astronomy and Astrophysics},
     keywords = {celestial mechanics, minor planets, asteroids, methods: numerical},
         year = 2002,
        month = nov,
       volume = {395},
        pages = {L17-L19},
          doi = {10.1051/0004-6361:20021444},
       adsurl = {https://ui.adsabs.harvard.edu/abs/2002A&A...395L..17K},
      adsnote = {Provided by the SAO/NASA Astrophysics Data System}
}



@ARTICLE{2021Cantillo,
       author = {{Cantillo}, David C. and {Reddy}, Vishnu and {Sharkey}, Benjamin N.~L. and {Pearson}, Neil A. and {Sanchez}, Juan A. and {Izawa}, Matthew R.~M. and {Kareta}, Theodore and {Campbell}, Tanner S. and {Chabra}, Om},
        title = "{Constraining the Regolith Composition of Asteroid (16) Psyche via Laboratory Visible Near-infrared Spectroscopy}",
      journal = {The Planetary Science Journal},
     keywords = {Spectroscopy, Asteroid surfaces, Asteroids, Infrared astronomy, Iron meteorites, Meteorites, Carbonaceous chondrites, 1558, 2209, 72, 786, 863, 1038, 200, Astrophysics - Earth and Planetary Astrophysics},
         year = 2021,
        month = jun,
       volume = {2},
       number = {3},
          eid = {95},
        pages = {95},
          doi = {10.3847/PSJ/abf63b},
archivePrefix = {arXiv},
       eprint = {2105.12712},
 primaryClass = {astro-ph.EP},
       adsurl = {https://ui.adsabs.harvard.edu/abs/2021PSJ.....2...95C},
      adsnote = {Provided by the SAO/NASA Astrophysics Data System}
}

@ARTICLE{2018MGanino,
       author = {{Ganino}, Cl{\'e}Ment and {Libourel}, Guy and {Nakamura}, Akiko M. and {Jacomet}, Suzanne and {Tottereau}, Olivier and {Michel}, Patrick},
        title = "{Impact-induced chemical fractionation as inferred from hypervelocity impact experiments with silicate projectiles and metallic targets}",
      journal = {Meteoritics & Planetary Science},
         year = 2018,
        month = nov,
       volume = {53},
       number = {11},
        pages = {2306-2326},
          doi = {10.1111/maps.13131},
       adsurl = {https://ui.adsabs.harvard.edu/abs/2018M&PS...53.2306G},
      adsnote = {Provided by the SAO/NASA Astrophysics Data System}
}



@ARTICLE{2014NaturDelbo,
       author = {{Delbo}, Marco and {Libourel}, Guy and {Wilkerson}, Justin and {Murdoch}, Naomi and {Michel}, Patrick and {Ramesh}, K.~T. and {Ganino}, Cl{\'e}ment and {Verati}, Chrystele and {Marchi}, Simone},
        title = "{Thermal fatigue as the origin of regolith on small asteroids}",
      journal = {Nature},
         year = 2014,
        month = apr,
       volume = {508},
       number = {7495},
        pages = {233-236},
          doi = {10.1038/nature13153},
       adsurl = {https://ui.adsabs.harvard.edu/abs/2014Natur.508..233D},
      adsnote = {Provided by the SAO/NASA Astrophysics Data System}
}

@ARTICLE{2020JGREMarchi,
       author = {{Marchi}, S. and {Durda}, D.~D. and {Polanskey}, C.~A. and {Asphaug}, E. and {Bottke}, W.~F. and {Elkins-Tanton}, L.~T. and {Garvie}, L.~A.~J. and {Ray}, S. and {Chocron}, S. and {Williams}, D.~A.},
        title = "{Hypervelocity Impact Experiments in Iron-Nickel Ingots and Iron Meteorites: Implications for the NASA Psyche Mission}",
      journal = {Journal of Geophysical Research (Planets)},
     keywords = {Impacts, iron meteorites, Cratering, Psyche},
         year = 2020,
        month = jan,
       volume = {125},
       number = {2},
          eid = {e05927},
        pages = {e05927},
          doi = {10.1029/2019JE005927},
       adsurl = {https://ui.adsabs.harvard.edu/abs/2020JGRE..12505927M},
      adsnote = {Provided by the SAO/NASA Astrophysics Data System}
}

@ARTICLE{1974MeticRemo,
       author = {{Remo}, J.~L. and {Johnson}, A.~A.},
        title = "{The Ductile-Brittle Transition in Meteoritic Irons}",
      journal = {Meteoritics},
     keywords = {Brittleness, Ductility, Iron Meteorites, Tensile Tests, Transition Temperature, Asteroids, Face Centered Cubic Lattices, Mechanical Properties, Meteoritic Composition, Nickel, Lunar and Planetary Exploration, Mineralogical Studies},
         year = 1974,
        month = sep,
       volume = {9},
       number = {3},
        pages = {209},
          doi = {10.1111/j.1945-5100.1974.tb00076.x},
       adsurl = {https://ui.adsabs.harvard.edu/abs/1974Metic...9..209R},
      adsnote = {Provided by the SAO/NASA Astrophysics Data System}
}

@ARTICLE{1984JGRAtkinson,
       author = {{Atkinson}, Barry Kean},
        title = "{Subcritical crack growth in geological materials}",
      journal = {Journal of Geophysical Research},
     keywords = {Mineralogy, Petrology, and Crystal Chemistry: Properties of minerals, Physical Properties of Rocks: Elasticity, fracture, and flow, Physical Properties of Rocks: Instruments and techniques},
         year = 1984,
        month = jun,
       volume = {89},
       number = {B6},
        pages = {4077-4114},
          doi = {10.1029/JB089iB06p04077},
       adsurl = {https://ui.adsabs.harvard.edu/abs/1984JGR....89.4077A},
      adsnote = {Provided by the SAO/NASA Astrophysics Data System}
}

@article{gouraud1971continuous,
  title={Continuous shading of curved surfaces},
  author={Gouraud, Henri},
  journal={IEEE transactions on computers},
  volume={100},
  number={6},
  pages={623--629},
  year={1971},
  publisher={IEEE}
}

@article{tanji1970thermal,
  title={THERMAL EXPANSION COEFFICIENT OF FE-NI FCC ALLOYS},
  author={{Tanji}, Yasunori and {Shirakawa}, Y{\^u}ki},
  journal={J JAPAN INST METALS},
  volume={34},
  number={2},
  pages={228--232},
  year={1970}
}

@article{moody1979fatigue,
  title={Fatigue crack propagation in iron and two iron binary alloys at low temperatures},
  author={Moody, NR and Gerberich, WW},
  journal={Materials Science and Engineering},
  volume={41},
  number={2},
  pages={271--280},
  year={1979},
  publisher={Elsevier}
}

@book{burck1975effects,
  title={THE EFFECTS OF MECHANICAL PROPERTIES ON FATIGUE CRACK GROWTH RATES IN IRON-NICKEL AND IRON-MOLYBDENUM ALLOYS.},
  author={Burck, Larry Harold},
  year={1975},
  publisher={Northwestern University}
}

@ARTICLE{1977MinMHandbook,
       author = {{Axon}, Howard},
        title = "{Handbook of Iron Meteorites. Their History, Distribution, Composition and Structure}",
      journal = {Mineralogical Magazine},
         year = 1977,
        month = jan,
       volume = {41},
       number = {319},
        pages = {419-420},
          doi = {10.1180/minmag.1977.041.319.26},
       adsurl = {https://ui.adsabs.harvard.edu/abs/1977MinM...41..419A},
      adsnote = {Provided by the SAO/NASA Astrophysics Data System}
}



@ARTICLE{1981JMatSHornbogen,
       author = {{Hornbogen}, E. and {Minuth}, E.},
        title = "{Cracks in metallic meteorites.}",
      journal = {Journal of Materials Science},
     keywords = {Cracking (Fracturing), Meteoritic Composition, Meteoritic Microstructures, Nickel, Phase Transformations, Phosphorus, Brittleness, Close Packed Lattices, Crack Initiation, Face Centered Cubic Lattices, Impact Damage, Nucleation, Phosphides, Precipitates, Precipitation Hardening, Shock Waves, METEORITES, FEATURES, CRACKS, COMPARISONS, ELECTRON MICROSCOPY, ORIGIN, COMPOSITION, TEMPERATURES, FORMATION, MICROSTRUCTURE, IRON METEORITES, FRACTURES, SHOCK WAVES, COLLISIONS, PHOTOMICROGRAPHS, NICKEL, PHOSPHIDE, SAMPLES, METEORITE, EXPERIMENTS, HEX RIVER METEORITE, GIBEON METEORITE, WICHITA COUNTY METEORITE, RITTERSGRUM METEORITE, PROCEDURE, TECHNIQUES, NUCLEATION, PHOSPHORUS, Lunar and Planetary Exploration; Meteorites, Meteorites:Structure},
         year = 1981,
        month = feb,
       volume = {16},
        pages = {515-522},
          doi = {10.1007/BF00738645},
       adsurl = {https://ui.adsabs.harvard.edu/abs/1981JMatS..16..515H},
      adsnote = {Provided by the SAO/NASA Astrophysics Data System}
}



@ARTICLE{2020JGRERaducan,
       author = {{Raducan}, S.~D. and {Davison}, T.~M. and {Collins}, G.~S.},
        title = "{Morphological Diversity of Impact Craters on Asteroid (16) Psyche: Insight From Numerical Models}",
      journal = {Journal of Geophysical Research (Planets)},
     keywords = {impacts, asteroid, simulations, crater, Psyche},
         year = 2020,
        month = sep,
       volume = {125},
       number = {9},
          eid = {e06466},
        pages = {e06466},
          doi = {10.1029/2020JE006466},
       adsurl = {https://ui.adsabs.harvard.edu/abs/2020JGRE..12506466R},
      adsnote = {Provided by the SAO/NASA Astrophysics Data System}
}



@ARTICLE{2017IcarMolaro,
       author = {{Molaro}, J.~L. and {Byrne}, S. and {Le}, J. -L.},
        title = "{Thermally induced stresses in boulders on airless body surfaces, and implications for rock breakdown}",
      journal = {Icarus},
     keywords = {Geological processes, Moon, surface, Asteroids, Surfaces, Mercury, Regoliths, Astrophysics - Earth and Planetary Astrophysics},
         year = 2017,
        month = sep,
       volume = {294},
        pages = {247-261},
          doi = {10.1016/j.icarus.2017.03.008},
archivePrefix = {arXiv},
       eprint = {1703.03085},
 primaryClass = {astro-ph.EP},
       adsurl = {https://ui.adsabs.harvard.edu/abs/2017Icar..294..247M},
      adsnote = {Provided by the SAO/NASA Astrophysics Data System}
}



@article{CALDWELL2020113962,
title = {Understanding Asteroid 16 Psyche’s composition through 3D impact crater modeling},
journal = {Icarus},
volume = {351},
pages = {113962},
year = {2020},
issn = {0019-1035},
doi = {https://doi.org/10.1016/j.icarus.2020.113962},
url = {https://www.sciencedirect.com/science/article/pii/S0019103520303304},
author = {Wendy K. Caldwell and Abigail Hunter and Catherine S. Plesko and Stephen Wirkus},
abstract = {Asteroid 16 Psyche is the largest M-type (metallic) Main Belt Asteroid (MBA). Radar albedo data indicate Psyche’s surface is rich in metallic content, but estimates for Psyche’s bulk structure vary widely, with bulk density estimates ranging from 1.4 ± 0.3 g/cm3 to 4.5 ± 1.4 g/cm3 and porosity estimates ranging from 30\% to 70\%. A forthcoming NASA discovery mission will visit Psyche. Narrowing the range of estimated compositions of Psyche prior to mission launch can help to determine the necessary tools for asteroid analysis. Psyche has two large impact structures in its Southern hemisphere, with estimated diameters from 50 km to 70 km and estimated depths up to 6.4 km. In this work, we present results from 2D and 3D hydrocode simulations of the largest of these impact structures. Through quantitative comparison of the simulated crater dimensions with measured values, our models suggest that Psyche is largely composed of porous, metallic material. In addition, to match the crater dimensions, our simulations indicate that the angle of impact was significantly altered from vertical by 45–60 degrees.}
}

@ARTICLE{1984LPSCMatsui,
       author = {{Matsui}, T. and {Schultz}, P.~H.},
        title = "{On the brittle-ductile behavior of iron meteorites - New experimental constraints}",
      journal = {Lunar and Planetary Science Conference Proceedings},
     keywords = {Brittleness, Ductility, Impact Tests, Iron Meteorites, Planetary Evolution, Protoplanets, Spallation, METEORITES, IRON METEORITES, EXPERIMENTS, SAMPLES, METEORITE, IMPACTS, GIBEON, EL SAMPAL, ARISPE, THERMAL EFFECTS, SPALLATION, FRACTURES, VELOCITY, PARENT BODIES, CORE, HYPOTHESES, Lunar and Planetary Exploration; Meteorites},
         year = 1984,
        month = nov,
       volume = {89},
        pages = {C323-C328},
          doi = {10.1029/JB089iS01p0C323},
       adsurl = {https://ui.adsabs.harvard.edu/abs/1984LPSC...15..323M},
      adsnote = {Provided by the SAO/NASA Astrophysics Data System}
}

@ARTICLE{2013NatGeMarchi,
       author = {{Marchi}, S. and {Bottke}, W.~F. and {Cohen}, B.~A. and {W{\"u}nnemann}, K. and {Kring}, D.~A. and {McSween}, H.~Y. and {de Sanctis}, M.~C. and {O'Brien}, D.~P. and {Schenk}, P. and {Raymond}, C.~A. and {Russell}, C.~T.},
        title = "{High-velocity collisions from the lunar cataclysm recorded in asteroidal meteorites}",
      journal = {Nature Geoscience},
         year = 2013,
        month = apr,
       volume = {6},
       number = {4},
        pages = {303-307},
          doi = {10.1038/ngeo1769},
       adsurl = {https://ui.adsabs.harvard.edu/abs/2013NatGe...6..303M},
      adsnote = {Provided by the SAO/NASA Astrophysics Data System}
}

@ARTICLE{2005IcarRichardson,
       author = {{Richardson}, James E. and {Melosh}, H. Jay and {Greenberg}, Richard J. and {O'Brien}, David P.},
        title = "{The global effects of impact-induced seismic activity on fractured asteroid surface morphology}",
      journal = {Icarus},
         year = 2005,
        month = dec,
       volume = {179},
       number = {2},
        pages = {325-349},
          doi = {10.1016/j.icarus.2005.07.005},
       adsurl = {https://ui.adsabs.harvard.edu/abs/2005Icar..179..325R},
      adsnote = {Provided by the SAO/NASA Astrophysics Data System}
}



@ARTICLE{2018IcarSakatani,
       author = {{Sakatani}, Naoya and {Ogawa}, Kazunori and {Arakawa}, Masahiko and {Tanaka}, Satoshi},
        title = "{Thermal conductivity of lunar regolith simulant JSC-1A under vacuum}",
      journal = {Icarus},
     keywords = {Regoliths, Moon, surface, Experimental techniques},
         year = 2018,
        month = jul,
       volume = {309},
        pages = {13-24},
          doi = {10.1016/j.icarus.2018.02.027},
       adsurl = {https://ui.adsabs.harvard.edu/abs/2018Icar..309...13S},
      adsnote = {Provided by the SAO/NASA Astrophysics Data System}
}



@INPROCEEDINGS{2013EPSCConsolmagno,
       author = {{Consolmagno}, G. and {Schaefer}, M.~W. and {Schaefer}, B.~E. and {Britt}, D.~T. and {Macke}, R.~J. and {Nolan}, M.~C. and {Howell}, E.~S.},
        title = "{Low temperature heat capacities of solar system materials}",
    booktitle = {European Planetary Science Congress},
         year = 2013,
        month = sep,
          eid = {EPSC2013-248},
        pages = {EPSC2013-248},
       adsurl = {https://ui.adsabs.harvard.edu/abs/2013EPSC....8..248C},
      adsnote = {Provided by the SAO/NASA Astrophysics Data System}
}



@ARTICLE{1979Johnson,
       author = {{Johnson}, A.~A. and {Remo}, J.~L. and {Davis}, R.~B.},
        title = "{The low temperature impact properties of the meteorite Hoba}",
      journal = {Journal of Geophysical Research},
         year = 1979,
        month = apr,
       volume = {84},
        pages = {1683-1688},
          doi = {10.1029/JB084iB04p01683},
       adsurl = {https://ui.adsabs.harvard.edu/abs/1979JGR....84.1683J},
      adsnote = {Provided by the SAO/NASA Astrophysics Data System}
}

@ARTICLE{2014IcarKatsura,
       author = {{Katsura}, Takekuni and {Nakamura}, Akiko M. and {Takabe}, Ayana and {Okamoto}, Takaya and {Sangen}, Kazuyoshi and {Hasegawa}, Sunao and {Liu}, Xun and {Mashimo}, Tsutomu},
        title = "{Laboratory experiments on the impact disruption of iron meteorites at temperature of near-Earth space}",
      journal = {Icarus},
         year = 2014,
        month = oct,
       volume = {241},
        pages = {1-12},
          doi = {10.1016/j.icarus.2014.06.007},
       adsurl = {https://ui.adsabs.harvard.edu/abs/2014Icar..241....1K},
      adsnote = {Provided by the SAO/NASA Astrophysics Data System}
}

@ARTICLE{2019SciALibourel,
       author = {{Libourel}, Guy and {Nakamura}, Akiko M. and {Beck}, Pierre and {Potin}, Sandra and {Ganino}, Cl{\'e}ment and {Jacomet}, Suzanne and {Ogawa}, Ryo and {Hasegawa}, Sunao and {Michel}, Patrick},
        title = "{Hypervelocity impacts as a source of deceiving surface signatures on iron-rich asteroids}",
      journal = {Science Advances},
         year = 2019,
        month = aug,
       volume = {5},
       number = {8},
        pages = {eaav3971},
          doi = {10.1126/sciadv.aav3971},
       adsurl = {https://ui.adsabs.harvard.edu/abs/2019SciA....5.3971L},
      adsnote = {Provided by the SAO/NASA Astrophysics Data System}
}




@ARTICLE{1962PMagJohnson,
       author = {{Johnson}, A.~A.},
        title = "{The ductile - brittle transition in body-centred cubic transition metals}",
      journal = {Philosophical Magazine},
         year = 1962,
        month = feb,
       volume = {7},
       number = {74},
        pages = {177-196},
          doi = {10.1080/14786436208211853},
       adsurl = {https://ui.adsabs.harvard.edu/abs/1962PMag....7..177J},
      adsnote = {Provided by the SAO/NASA Astrophysics Data System}
}



@ARTICLE{2020NaturOkada,
       author = {{Okada}, Tatsuaki and {Fukuhara}, Tetsuya and {Tanaka}, Satoshi and {Taguchi}, Makoto and {Arai}, Takehiko and {Senshu}, Hiroki and {Sakatani}, Naoya and {Shimaki}, Yuri and {Demura}, Hirohide and {Ogawa}, Yoshiko and {Suko}, Kentaro and {Sekiguchi}, Tomohiko and {Kouyama}, Toru and {Takita}, Jun and {Matsunaga}, Tsuneo and {Imamura}, Takeshi and {Wada}, Takehiko and {Hasegawa}, Sunao and {Helbert}, J{\"o}rn and {M{\"u}ller}, Thomas G. and {Hagermann}, Axel and {Biele}, Jens and {Grott}, Matthias and {Hamm}, Maximilian and {Delbo}, Marco and {Hirata}, Naru and {Hirata}, Naoyuki and {Yamamoto}, Yukio and {Sugita}, Seiji and {Namiki}, Noriyuki and {Kitazato}, Kohei and {Arakawa}, Masahiko and {Tachibana}, Shogo and {Ikeda}, Hitoshi and {Ishiguro}, Masateru and {Wada}, Koji and {Honda}, Chikatoshi and {Honda}, Rie and {Ishihara}, Yoshiaki and {Matsumoto}, Koji and {Matsuoka}, Moe and {Michikami}, Tatsuhiro and {Miura}, Akira and {Morota}, Tomokatsu and {Noda}, Hirotomo and {Noguchi}, Rina and {Ogawa}, Kazunori and {Shirai}, Kei and {Tatsumi}, Eri and {Yabuta}, Hikaru and {Yokota}, Yasuhiro and {Yamada}, Manabu and {Abe}, Masanao and {Hayakawa}, Masahiko and {Iwata}, Takahiro and {Ozaki}, Masanobu and {Yano}, Hajime and {Hosoda}, Satoshi and {Mori}, Osamu and {Sawada}, Hirotaka and {Shimada}, Takanobu and {Takeuchi}, Hiroshi and {Tsukizaki}, Ryudo and {Fujii}, Atsushi and {Hirose}, Chikako and {Kikuchi}, Shota and {Mimasu}, Yuya and {Ogawa}, Naoko and {Ono}, Go and {Takahashi}, Tadateru and {Takei}, Yuto and {Yamaguchi}, Tomohiro and {Yoshikawa}, Kent and {Terui}, Fuyuto and {Saiki}, Takanao and {Nakazawa}, Satoru and {Yoshikawa}, Makoto and {Watanabe}, Seiichiro and {Tsuda}, Yuichi},
        title = "{Highly porous nature of a primitive asteroid revealed by thermal imaging}",
      journal = {Nature},
         year = 2020,
        month = mar,
       volume = {579},
       number = {7800},
        pages = {518-522},
          doi = {10.1038/s41586-020-2102-6},
       adsurl = {https://ui.adsabs.harvard.edu/abs/2020Natur.579..518O},
      adsnote = {Provided by the SAO/NASA Astrophysics Data System}
}



@ARTICLE{2019NatAsGrott,
       author = {{Grott}, M. and {Knollenberg}, J. and {Hamm}, M. and {Ogawa}, K. and {Jaumann}, R. and {Otto}, K.~A. and {Delbo}, M. and {Michel}, P. and {Biele}, J. and {Neumann}, W. and {Knapmeyer}, M. and {K{\"u}hrt}, E. and {Senshu}, H. and {Okada}, T. and {Helbert}, J. and {Maturilli}, A. and {M{\"u}ller}, N. and {Hagermann}, A. and {Sakatani}, N. and {Tanaka}, S. and {Arai}, T. and {Mottola}, S. and {Tachibana}, S. and {Pelivan}, I. and {Drube}, L. and {Vincent}, J. -B. and {Yano}, H. and {Pilorget}, C. and {Matz}, K.~D. and {Schmitz}, N. and {Koncz}, A. and {Schr{\"o}der}, S.~E. and {Trauthan}, F. and {Schlotterer}, M. and {Krause}, C. and {Ho}, T. -M. and {Moussi-Soffys}, A.},
        title = "{Low thermal conductivity boulder with high porosity identified on C-type asteroid (162173) Ryugu}",
      journal = {Nature Astronomy},
         year = 2019,
        month = jul,
       volume = {3},
        pages = {971-976},
          doi = {10.1038/s41550-019-0832-x},
       adsurl = {https://ui.adsabs.harvard.edu/abs/2019NatAs...3..971G},
      adsnote = {Provided by the SAO/NASA Astrophysics Data System}
}



@ARTICLE{2020JGRERyan,
       author = {{Ryan}, Andrew J. and {Pino Mu{\~n}oz}, Daniel and {Bernacki}, Marc and {Delbo}, Marco},
        title = "{Full-Field Modeling of Heat Transfer in Asteroid Regolith: Radiative Thermal Conductivity of Polydisperse Particulates}",
      journal = {Journal of Geophysical Research (Planets)},
     keywords = {regolith, airless bodies, numerical modeling, thermal conductivity, thermal radiation, packed pebble bed, Astrophysics - Earth and Planetary Astrophysics, Physics - Geophysics},
         year = 2020,
        month = feb,
       volume = {125},
       number = {2},
          eid = {e06100},
        pages = {e06100},
          doi = {10.1029/2019JE006100},
archivePrefix = {arXiv},
       eprint = {2002.00144},
 primaryClass = {astro-ph.EP},
       adsurl = {https://ui.adsabs.harvard.edu/abs/2020JGRE..12506100R},
      adsnote = {Provided by the SAO/NASA Astrophysics Data System}
}



@ARTICLE{2013P&SS...85..198S,
       author = {{Schr{\"o}der}, S.~E. and {Mottola}, S. and {Keller}, H.~U. and {Raymond}, C.~A. and {Russell}, C.~T.},
        title = "{Resolved photometry of Vesta reveals physical properties of crater regolith}",
      journal = {Planetary and Space Science},
     keywords = {Vesta, Photometry, Regolith, Surface, Reflectance, Space weathering},
         year = 2013,
        month = sep,
       volume = {85},
        pages = {198-213},
          doi = {10.1016/j.pss.2013.06.009},
       adsurl = {https://ui.adsabs.harvard.edu/abs/2013P&SS...85..198S},
      adsnote = {Provided by the SAO/NASA Astrophysics Data System}
}



@article{clark2002asteroid,
  title={Asteroid space weathering and regolith evolution},
  author={Clark, Beth Ellen and Hapke, Bruce and Pieters, Carl{\'e} and Britt, Daniel},
  year = 2002,
  publisher={Citeseer}
}

@INPROCEEDINGS{2016AGUFMBills,
       author = {{Bills}, B.~G. and {Park}, R.~S. and {Scott}, B.},
        title = "{Secular Orbit and Spin Variations of Asteroid (16) Psyche}",
     keywords = {6008 Composition, PLANETARY SCIENCES: COMETS AND SMALL BODIESDE: 6024 Interiors, PLANETARY SCIENCES: COMETS AND SMALL BODIESDE: 6040 Origin and evolution, PLANETARY SCIENCES: COMETS AND SMALL BODIESDE: 6055 Surfaces, PLANETARY SCIENCES: COMETS AND SMALL BODIES},
    booktitle = {AGU Fall Meeting Abstracts},
         year = 2016,
        month = dec,
          eid = {P43B-2102},
        pages = {P43B-2102},
       adsurl = {https://ui.adsabs.harvard.edu/abs/2016AGUFM.P43B2102B},
      adsnote = {Provided by the SAO/NASA Astrophysics Data System}
}



@INPROCEEDINGS{2021LPIBierson,
       author = {{Bierson}, C.~J. and {Elkins-Tanton}, L.~T. and {O'Rourke}, J.~G.},
        title = "{Modeling the Surface Temperatures of Asteroid 16 Psyche}",
    booktitle = {Lunar and Planetary Science Conference},
         year = 2021,
       series = {Lunar and Planetary Science Conference},
        month = mar,
          eid = {1603},
        pages = {1603},
       adsurl = {https://ui.adsabs.harvard.edu/abs/2021LPI....52.1603B},
      adsnote = {Provided by the SAO/NASA Astrophysics Data System}
}



@ARTICLE{1982AREPSHousen,
       author = {{Housen}, K.~R. and {Wilkening}, L.~L.},
        title = "{Regoliths on Small Bodies in the Solar System}",
      journal = {Annual Review of Earth and Planetary Sciences},
     keywords = {Asteroids, Evolution (Development), Lunar Rocks, Meteorites, Regolith, Solar System, Breccia, Cratering, Meteorite Collisions, Meteorite Craters, Lunar and Planetary Exploration},
         year = 1982,
        month = jan,
       volume = {10},
        pages = {355},
          doi = {10.1146/annurev.ea.10.050182.002035},
       adsurl = {https://ui.adsabs.harvard.edu/abs/1982AREPS..10..355H},
      adsnote = {Provided by the SAO/NASA Astrophysics Data System}
}

@ARTICLE{1963SciButler,
       author = {{Butler}, Clay P. and {Jenkins}, Robert J.},
        title = "{Thermal Properties of Meteoritic Iron from -150 degrees to 300 degrees Celsius}",
      journal = {Science},
         year = 1963,
        month = feb,
       volume = {139},
       number = {3554},
        pages = {486-487},
          doi = {10.1126/science.139.3554.486},
       adsurl = {https://ui.adsabs.harvard.edu/abs/1963Sci...139..486B},
      adsnote = {Provided by the SAO/NASA Astrophysics Data System}
}





@ARTICLE{2011JGREBandfield,
       author = {{Bandfield}, Joshua L. and {Ghent}, Rebecca R. and {Vasavada}, Ashwin R. and {Paige}, David A. and {Lawrence}, Samuel J. and {Robinson}, Mark S.},
        title = "{Lunar surface rock abundance and regolith fines temperatures derived from LRO Diviner Radiometer data}",
      journal = {Journal of Geophysical Research (Planets)},
     keywords = {Physical Properties of Rocks: Thermal properties, Planetary Sciences: Solid Surface Planets: Remote sensing, Planetary Sciences: Solid Surface Planets: Surface materials and properties, Planetary Sciences: Solid Surface Planets: Instruments and techniques, Planetary Sciences: Solar System Objects: Moon (1221)},
         year = 2011,
        month = dec,
       volume = {116},
          eid = {E00H02},
        pages = {E00H02},
          doi = {10.1029/2011JE003866},
       adsurl = {https://ui.adsabs.harvard.edu/abs/2011JGRE..116.0H02B},
      adsnote = {Provided by the SAO/NASA Astrophysics Data System}
}



@article{horz1996impact,
  title={Impact {E}xperiments {R}elated to the {E}volution of {P}lanetary {R}egoliths},
  author={Horz, F and Cintala, MJ},
  journal={Meteoritics and Planetary Science Supplement},
  volume={31},
  pages={A65},
  year={1996}
}

@ARTICLE{2017JGREHayne,
       author = {{Hayne}, Paul O. and {Bandfield}, Joshua L. and {Siegler}, Matthew A. and {Vasavada}, Ashwin R. and {Ghent}, Rebecca R. and {Williams}, Jean-Pierre and {Greenhagen}, Benjamin T. and {Aharonson}, Oded and {Elder}, Catherine M. and {Lucey}, Paul G. and {Paige}, David A.},
        title = "{Global Regolith Thermophysical Properties of the Moon From the Diviner Lunar Radiometer Experiment}",
      journal = {Journal of Geophysical Research (Planets)},
     keywords = {Moon, lunar, regolith, thermal, Diviner, impacts, Astrophysics - Earth and Planetary Astrophysics},
         year = 2017,
        month = dec,
       volume = {122},
       number = {12},
        pages = {2371-2400},
          doi = {10.1002/2017JE005387},
archivePrefix = {arXiv},
       eprint = {1711.00977},
 primaryClass = {astro-ph.EP},
       adsurl = {https://ui.adsabs.harvard.edu/abs/2017JGRE..122.2371H},
      adsnote = {Provided by the SAO/NASA Astrophysics Data System}
}




@ARTICLE{magri2001,
       author = {{Magri}, C. and {Consolmagno}, G.~J. and {Ostro}, S.~J. and {Benner}, L.~A.~M. and {Beeney}, B.~R.},
        title = "{Radar constraints on asteroid regolith compositions using 433 Eros as ground truth}",
      journal = {Meteoritics and Planetary Science},
         year = 2001,
        month = dec,
       volume = {36},
       number = {12},
        pages = {1697-1709},
          doi = {10.1111/j.1945-5100.2001.tb01857.x},
       adsurl = {https://ui.adsabs.harvard.edu/abs/2001M&PS...36.1697M},
      adsnote = {Provided by the SAO/NASA Astrophysics Data System}
}

@ARTICLE{garvin1985,
       author = {{Garvin}, J.~B. and {Head}, J.~W. and {Pettengill}, G.~H. and {Zisk}, S.~H.},
        title = "{Venus global radar reflectivity and correlations with elevation.}",
      journal = {Journal of Geophysical Research},
     keywords = {Pioneer Space Probes, Radar Geology, Radar Maps, Venus Radar Echoes, Clumps, Dielectrics, Fresnel Region, Iron Compounds, Reflectance, Regolith, Soils, Titanium Compounds, Venus Surface, VENUS, RADAR METHODS, REFLECTIVITY, ELEVATION, SURFACE, REMOTE SENSING, PIONEER VENUS, ORBITERS, PVO, STATISTICAL ANALYSIS, GEOLOGY, COMPARISONS, TOPOGRAPHY, WAVELENGTHS, PHYSICAL PROPERTIES, ROUGHNESS, MAGNITUDE, MOON, MARS, SOIL, MANTLE, DISTRIBUTION, POROSITY, MODELS, WEATHERING, HIGHLANDS, LOWLANDS, PARAMETERS, Lunar and Planetary Exploration; Venus, Venus Surface:Radar Observations, Venus Surface:Topography},
         year = 1985,
        month = jul,
       volume = {90},
        pages = {6859-6871},
          doi = {10.1029/JB090iB08p06859},
       adsurl = {https://ui.adsabs.harvard.edu/abs/1985JGR....90.6859G},
      adsnote = {Provided by the SAO/NASA Astrophysics Data System}
}

@ARTICLE{trumbo2018,
       author = {{Trumbo}, Samantha K. and {Brown}, Michael E. and {Butler}, Bryan J.},
        title = "{ALMA Thermal Observations of Europa}",
      journal = {Astronomical Journal},
     keywords = {planets and satellites: general, planets and satellites: individual: Europa, planets and satellites: surfaces, Astrophysics - Earth and Planetary Astrophysics},
         year = 2018,
        month = oct,
       volume = {156},
       number = {4},
          eid = {161},
        pages = {161},
          doi = {10.3847/1538-3881/aada87},
archivePrefix = {arXiv},
       eprint = {1808.07111},
 primaryClass = {astro-ph.EP},
       adsurl = {https://ui.adsabs.harvard.edu/abs/2018AJ....156..161T},
      adsnote = {Provided by the SAO/NASA Astrophysics Data System}
}

@ARTICLE{muhleman1991,
       author = {{Muhleman}, Duane O. and {Berge}, Glenn L.},
        title = "{Observations of Mars, Uranus, Neptune, Io, Europa, Ganymede, and Callisto at a wavelength of 2.66 mm}",
      journal = {Icarus},
     keywords = {Astronomical Models, Brightness Temperature, Galilean Satellites, Mars (Planet), Neptune (Planet), Uranus (Planet), Callisto, Emissivity, Europa, Ganymede, Io, Lunar and Planetary Exploration},
         year = 1991,
        month = aug,
       volume = {92},
       number = {2},
        pages = {263-272},
          doi = {10.1016/0019-1035(91)90050-4},
       adsurl = {https://ui.adsabs.harvard.edu/abs/1991Icar...92..263M},
      adsnote = {Provided by the SAO/NASA Astrophysics Data System}
}

@ARTICLE{2018IcarShepard,
       author = {{Shepard}, Michael K. and {Timerson}, Bradley and {Scheeres}, Daniel J. and {Benner}, Lance A.~M. and {Giorgini}, Jon D. and {Howell}, Ellen S. and {Magri}, Christopher and {Nolan}, Michael C. and {Springmann}, Alessondra and {Taylor}, Patrick A. and {Virkki}, Anne},
        title = "{A revised shape model of asteroid (216) Kleopatra}",
      journal = {Icarus},
     keywords = {Asteroids, Asteroids, composition, Surfaces, asteroids, Radar},
         year = 2018,
        month = sep,
       volume = {311},
        pages = {197-209},
          doi = {10.1016/j.icarus.2018.04.002},
       adsurl = {https://ui.adsabs.harvard.edu/abs/2018Icar..311..197S},
      adsnote = {Provided by the SAO/NASA Astrophysics Data System}
}

@ARTICLE{2010MCloutis,
       author = {{Cloutis}, Edward A. and {Hardersen}, Paul S. and {Bish}, David L. and {Bailey}, Daniel T. and {Gaffey}, Michael J. and {Craig}, Michael A.},
        title = "{Reflectance spectra of iron meteorites: Implications for spectral identification of their parent bodies}",
      journal = {Meteoritics \& Planetary Science},
         year = 2010,
        month = feb,
       volume = {45},
       number = {2},
        pages = {304-332},
          doi = {10.1111/j.1945-5100.2010.01033.x},
       adsurl = {https://ui.adsabs.harvard.edu/abs/2010M&PS...45..304C},
      adsnote = {Provided by the SAO/NASA Astrophysics Data System}
}

@ARTICLE{2015IcarPalmer,
       author = {{Palmer}, Elizabeth M. and {Heggy}, Essam and {Capria}, Maria T. and {Tosi}, Federico},
        title = "{Dielectric properties of Asteroid Vesta's surface as constrained by Dawn VIR observations}",
      journal = {Icarus},
     keywords = {Asteroid Vesta, Asteroids, surfaces, Radar observations, Astrophysics - Earth and Planetary Astrophysics},
         year = 2015,
        month = dec,
       volume = {262},
        pages = {93-101},
          doi = {10.1016/j.icarus.2015.08.031},
archivePrefix = {arXiv},
       eprint = {1504.05167},
 primaryClass = {astro-ph.EP},
       adsurl = {https://ui.adsabs.harvard.edu/abs/2015Icar..262...93P},
      adsnote = {Provided by the SAO/NASA Astrophysics Data System}
}

@ARTICLE{2012MOpeil,
       author = {{Opeil}, C.~P. and {Consolmagno}, G.~J. and {Safarik}, D.~J. and {Britt}, D.~T.},
        title = "{Stony meteorite thermal properties and their relationship with meteorite chemical and physical states}",
      journal = {Meteoritics \& Planetary Science},
         year = 2012,
        month = mar,
       volume = {47},
       number = {3},
        pages = {319-329},
          doi = {10.1111/j.1945-5100.2012.01331.x},
       adsurl = {https://ui.adsabs.harvard.edu/abs/2012M&PS...47..319O},
      adsnote = {Provided by the SAO/NASA Astrophysics Data System}
}

@ARTICLE{2019GeoRLAbrahams,
       author = {{Abrahams}, Jacob N.~H. and {Nimmo}, Francis},
        title = "{Ferrovolcanism: Iron Volcanism on Metallic Asteroids}",
      journal = {Geophysical Research Letters},
     keywords = {iron volcanism, ferrovolcanism, metallic asteroid, Psyche},
         year = 2019,
        month = may,
       volume = {46},
       number = {10},
        pages = {5055-5064},
          doi = {10.1029/2019GL082542},
       adsurl = {https://ui.adsabs.harvard.edu/abs/2019GeoRL..46.5055A},
      adsnote = {Provided by the SAO/NASA Astrophysics Data System}
}

@ARTICLE{2011Macke,
       author = {{Macke}, Robert J. and {Consolmagno}, Guy J. and {Britt}, Daniel T.},
        title = "{Density, porosity, and magnetic susceptibility of carbonaceous chondrites}",
      journal = {maps},
         year = 2011,
        month = dec,
       volume = {46},
       number = {12},
        pages = {1842-1862},
          doi = {10.1111/j.1945-5100.2011.01298.x},
       adsurl = {https://ui.adsabs.harvard.edu/abs/2011M&PS...46.1842M},
      adsnote = {Provided by the SAO/NASA Astrophysics Data System}
}



@ARTICLE{2020MOpeil,
       author = {{Opeil}, C.~P. and {Britt}, D.~T. and {Macke}, R.~J. and {Consolmagno}, G.~J.},
        title = "{The surprising thermal properties of CM carbonaceous chondrites}",
      journal = {Meteoritics \& Planetary Science},
         year = 2020,
        month = aug,
       volume = {55},
       number = {8},
        pages = {E1-E20},
          doi = {10.1111/maps.13556},
       adsurl = {https://ui.adsabs.harvard.edu/abs/2020M&PS...55E...1O},
      adsnote = {Provided by the SAO/NASA Astrophysics Data System}
}



@INPROCEEDINGS{2014LPIMacke,
       author = {{Macke}, R.~J. and {Consolmagno}, G.~J. and {Britt}, D.~T.},
        title = "{Heat Capacity Measurements of HED Meteorites from the Vatican Collection}",
    booktitle = {Lunar and Planetary Science Conference},
         year = 2014,
       series = {Lunar and Planetary Science Conference},
        month = mar,
        pages = {1929},
       adsurl = {https://ui.adsabs.harvard.edu/abs/2014LPI....45.1929M},
      adsnote = {Provided by the SAO/NASA Astrophysics Data System}
}





@ARTICLE{1975EBrecher,
       author = {{Brecher}, A. and {Briggs}, P.~L. and {Simmons}, G.},
        title = "{The low-temperature electrical properties of carbonaceous meteorites}",
      journal = {Earth and Planetary Science Letters},
     keywords = {Activation Energy, Carbonaceous Meteorites, Electrical Resistivity, Low Temperature Tests, Dielectric Properties, Solar Activity Effects, Solar Wind, Temperature Distribution, Lunar and Planetary Exploration},
         year = 1975,
        month = nov,
       volume = {28},
       number = {1},
        pages = {37-45},
          doi = {10.1016/0012-821X(75)90071-0},
       adsurl = {https://ui.adsabs.harvard.edu/abs/1975E&PSL..28...37B},
      adsnote = {Provided by the SAO/NASA Astrophysics Data System}
}



@ARTICLE{2007JGRENowicki,
       author = {{Nowicki}, S.~A. and {Christensen}, P.~R.},
        title = "{Rock abundance on Mars from the Thermal Emission Spectrometer}",
      journal = {Journal of Geophysical Research (Planets)},
     keywords = {Planetary Sciences: Solid Surface Planets: Physical properties of materials, Planetary Sciences: Solid Surface Planets: Remote sensing, Planetary Sciences: Solid Surface Planets: Surface materials and properties, Planetary Sciences: Solar System Objects: Mars, Planetary Sciences: Solar System Objects: Instruments and techniques},
         year = 2007,
        month = may,
       volume = {112},
       number = {E5},
          eid = {E05007},
        pages = {E05007},
          doi = {10.1029/2006JE002798},
       adsurl = {https://ui.adsabs.harvard.edu/abs/2007JGRE..112.5007N},
      adsnote = {Provided by the SAO/NASA Astrophysics Data System}
}



@BOOK{2005tresHapke,
       author = {{Hapke}, Bruce},
        title = "{Theory of Reflectance and Emittance Spectroscopy}",
         year = 2005,
       adsurl = {https://ui.adsabs.harvard.edu/abs/2005tres.book.....H},
      adsnote = {Provided by the SAO/NASA Astrophysics Data System}
}

@ARTICLE{2008IcarOckert,
       author = {{Ockert-Bell}, Maureen E. and {Clark}, Beth Ellen and {Shepard}, Michael K. and {Rivkin}, Andrew S. and {Binzel}, Richard P. and {Thomas}, Cristina A. and {DeMeo}, Francesca E. and {Bus}, S.~J. and {Shah}, Sweta},
        title = "{Observations of X/M asteroids across multiple wavelengths}",
      journal = {Icarus},
         year = 2008,
        month = may,
       volume = {195},
       number = {1},
        pages = {206-219},
          doi = {10.1016/j.icarus.2007.11.006},
       adsurl = {https://ui.adsabs.harvard.edu/abs/2008Icar..195..206O},
      adsnote = {Provided by the SAO/NASA Astrophysics Data System}
}



@ARTICLE{2011IcarRivkin,
       author = {{Rivkin}, Andrew S. and {Clark}, Beth E. and {Ockert-Bell}, Maureen and {Volquardsen}, Eric and {Howell}, Ellen S. and {Bus}, Schelte J. and {Thomas}, Cristina A. and {Shepard}, Michael},
        title = "{Asteroid 21 Lutetia at 3 {\ensuremath{\mu}}m: Observations with IRTF SpeX}",
      journal = {Icarus},
         year = 2011,
        month = nov,
       volume = {216},
       number = {1},
        pages = {62-68},
          doi = {10.1016/j.icarus.2011.08.009},
       adsurl = {https://ui.adsabs.harvard.edu/abs/2011Icar..216...62R},
      adsnote = {Provided by the SAO/NASA Astrophysics Data System}
}

@ARTICLE{2020APodlewska,
       author = {{Podlewska-Gaca}, E. and {Marciniak}, A. and {Al{\'\i}-Lagoa}, V. and {Bartczak}, P. and {M{\"u}ller}, T.~G. and {Szak{\'a}ts}, R. and {Duffard}, R. and {Moln{\'a}r}, L. and {P{\'a}l}, A. and {Butkiewicz-B{\k{a}}k}, M. and {Dudzi{\'n}ski}, G. and {Dziadura}, K. and {Antonini}, P. and {Asenjo}, V. and {Audejean}, M. and {Benkhaldoun}, Z. and {Behrend}, R. and {Bernasconi}, L. and {Bosch}, J.~M. and {Chapman}, A. and {Dintinjana}, B. and {Farkas}, A. and {Ferrais}, M. and {Geier}, S. and {Grice}, J. and {Hirsh}, R. and {Jacquinot}, H. and {Jehin}, E. and {Jones}, A. and {Molina}, D. and {Morales}, N. and {Parley}, N. and {Poncy}, R. and {Roy}, R. and {Santana-Ros}, T. and {Seli}, B. and {Sobkowiak}, K. and {Vereb{\'e}lyi}, E. and {{\.Z}ukowski}, K.},
        title = "{Physical parameters of selected Gaia mass asteroids}",
      journal = {Astronomy and Astrophysics},
     keywords = {minor planets, asteroids: general, techniques: photometric, radiation mechanisms: thermal, Astrophysics - Earth and Planetary Astrophysics},
         year = 2020,
        month = jun,
       volume = {638},
          eid = {A11},
        pages = {A11},
          doi = {10.1051/0004-6361/201936380},
archivePrefix = {arXiv},
       eprint = {2001.07030},
 primaryClass = {astro-ph.EP},
       adsurl = {https://ui.adsabs.harvard.edu/abs/2020A&A...638A..11P},
      adsnote = {Provided by the SAO/NASA Astrophysics Data System}
}



@INPROCEEDINGS{2005DPSMueller,
       author = {{Mueller}, M. and {Harris}, A.~W. and {Delbo}, M. and {MIRSI Team}},
        title = "{21 Lutetia and other M-types: Their sizes, albedos, and thermal properties from new IRTF measurements}",
    booktitle = {AAS/Division for Planetary Sciences Meeting Abstracts \#37},
         year = 2005,
       series = {AAS/Division for Planetary Sciences Meeting Abstracts},
       volume = {37},
        month = aug,
          eid = {07.02},
        pages = {07.02},
       adsurl = {https://ui.adsabs.harvard.edu/abs/2005DPS....37.0702M},
      adsnote = {Provided by the SAO/NASA Astrophysics Data System}
}



@ARTICLE{2021PSJMacLennan,
       author = {{MacLennan}, Eric M. and {Emery}, Joshua P.},
        title = "{Thermophysical Investigation of Asteroid Surfaces. I. Characterization of Thermal Inertia}",
      journal = {The Planetary Science Journal},
     keywords = {Asteroid surfaces, Asteroids, Infrared astronomy, Infrared photometry, 2209, 72, 786, 792, Astrophysics - Earth and Planetary Astrophysics},
         year = 2021,
        month = aug,
       volume = {2},
       number = {4},
          eid = {161},
        pages = {161},
          doi = {10.3847/PSJ/ac1591},
archivePrefix = {arXiv},
       eprint = {2103.08371},
 primaryClass = {astro-ph.EP},
       adsurl = {https://ui.adsabs.harvard.edu/abs/2021PSJ.....2..161M},
      adsnote = {Provided by the SAO/NASA Astrophysics Data System}
}



@ARTICLE{2009PSSDelbo,
       author = {{Delbo'}, Marco and {Tanga}, Paolo},
        title = "{Thermal inertia of main belt asteroids smaller than 100 km from IRAS data}",
      journal = {Planetary and Space Science},
     keywords = {Astrophysics},
         year = 2009,
        month = feb,
       volume = {57},
       number = {2},
        pages = {259-265},
          doi = {10.1016/j.pss.2008.06.015},
archivePrefix = {arXiv},
       eprint = {0808.0869},
 primaryClass = {astro-ph},
       adsurl = {https://ui.adsabs.harvard.edu/abs/2009P&SS...57..259D},
      adsnote = {Provided by the SAO/NASA Astrophysics Data System}
}



@article{marchis2012multiple,
  title={Multiple asteroid systems: Dimensions and thermal properties from Spitzer Space Telescope and ground-based observations},
  author={Marchis, F and Enriquez, JE and Emery, JP and Mueller, M and Baek, M and Pollock, J and Assafin, M and Martins, R Vieira and Berthier, J and Vachier, F and others},
  journal={Icarus},
  volume={221},
  number={2},
  pages={1130--1161},
  year={2012},
  publisher={Elsevier}
}

@ARTICLE{2010IcarOckert,
       author = {{Ockert-Bell}, M.~E. and {Clark}, B.~E. and {Shepard}, M.~K. and {Isaacs}, R.~A. and {Cloutis}, E.~A. and {Fornasier}, S. and {Bus}, S.~J.},
        title = "{The composition of M-type asteroids: Synthesis of spectroscopic and radar observations}",
      journal = {Icarus},
         year = 2010,
        month = dec,
       volume = {210},
       number = {2},
        pages = {674-692},
          doi = {10.1016/j.icarus.2010.08.002},
       adsurl = {https://ui.adsabs.harvard.edu/abs/2010Icar..210..674O},
      adsnote = {Provided by the SAO/NASA Astrophysics Data System}
}

@ARTICLE{2021JGREPiqueux,
       author = {{Piqueux}, Sylvain and {Vu}, Tuan H. and {Bapst}, Jonathan and {Garvie}, Laurence A.~J. and {Choukroun}, Mathieu and {Edwards}, Christopher S.},
        title = "{Specific Heat Capacity Measurements of Selected Meteorites for Planetary Surface Temperature Modeling}",
      journal = {Journal of Geophysical Research (Planets)},
     keywords = {specific heat capacity, thermophysics, thermal inertia, meteorites, temperature, Earth Science},
         year = 2021,
        month = nov,
       volume = {126},
       number = {11},
          eid = {e07003},
        pages = {e07003},
          doi = {10.1029/2021JE007003},
       adsurl = {https://ui.adsabs.harvard.edu/abs/2021JGRE..12607003P},
      adsnote = {Provided by the SAO/NASA Astrophysics Data System}
}



@ARTICLE{shepard2010,
       author = {{Shepard}, Michael K. and {Clark}, Beth E. and {Ockert-Bell}, Maureen and {Nolan} Michael C. and {Howell}, Ellen S. and {Magri}, Christopher and {Giorgini}, Jon D. and {Benner}, Lance A.M. and {Ostro}, Steven J. and {Harris}, Alan W. and {Warner}, Brian D. and {Stephens}, Robert D. and {Mueller}, Michael},
        title = "{A radar survey of M- and X-class asteroids. II. Summary and synthesis}",
      journal = {Icarus},
     keywords = {Asteroids, Asteroids, composition, Asteroids, surfaces},
         year = 2010,
        month = jan,
       volume = {208},
        pages = {221-237},
          doi = {10.1016/j.icarus.2010.01.017},
       adsurl = {https://ui.adsabs.harvard.edu/abs/2010Icar..208..221S},
      adsnote = {Provided by the SAO/NASA Astrophysics Data System}
}

@ARTICLE{takir2017,
       author = {{Takir}, Driss and {Reddy}, Vishnu and {Sanchez}, Juan A. and {Shepard}, Michael K. and {Emery}, Joshua P.},
        title = "{Detection of Water and/or Hydroxyl on Asteroid (16) Psyche}",
      journal = {Astronomical Journal},
     keywords = {minor planets, asteroids: general, Astrophysics - Earth and Planetary Astrophysics},
         year = 2017,
        month = jan,
       volume = {153},
       number = {1},
          eid = {31},
        pages = {31},
          doi = {10.3847/1538-3881/153/1/31},
archivePrefix = {arXiv},
       eprint = {1610.00802},
 primaryClass = {astro-ph.EP},
       adsurl = {https://ui.adsabs.harvard.edu/abs/2017AJ....153...31T},
      adsnote = {Provided by the SAO/NASA Astrophysics Data System}
}

@ARTICLE{avdellidou2018,
       author = {{Avdellidou}, C. and {Delbo'}, M. and {Fienga}, A.},
        title = "{Exogenous origin of hydration on asteroid (16) Psyche: the role of hydrated asteroid families}",
      journal = {Monthly Notices of the Royal Astronomical Society},
     keywords = {minor planets, asteroids: individual: (16) Psyche, Astrophysics - Earth and Planetary Astrophysics},
         year = 2018,
        month = apr,
       volume = {475},
       number = {3},
        pages = {3419-3428},
          doi = {10.1093/mnras/sty017},
archivePrefix = {arXiv},
       eprint = {1801.02461},
 primaryClass = {astro-ph.EP},
       adsurl = {https://ui.adsabs.harvard.edu/abs/2018MNRAS.475.3419A},
      adsnote = {Provided by the SAO/NASA Astrophysics Data System}
}

@ARTICLE{hardersen2005,
       author = {{Hardersen}, Paul S. and {Gaffey}, Michael J. and {Abell}, Paul A.},
        title = "{Near-IR spectral evidence for the presence of iron-poor orthopyroxenes on the surfaces of six M-type asteroids}",
      journal = {Icarus},
         year = 2005,
        month = may,
       volume = {175},
       number = {1},
        pages = {141-158},
          doi = {10.1016/j.icarus.2004.10.017},
       adsurl = {https://ui.adsabs.harvard.edu/abs/2005Icar..175..141H},
      adsnote = {Provided by the SAO/NASA Astrophysics Data System}
}

@ARTICLE{sanchez2017,
       author = {{Sanchez}, Juan A. and {Reddy}, Vishnu and {Shepard}, Michael K. and {Thomas}, Cristina and {Cloutis}, Edward A. and {Takir}, Driss and {Conrad}, Albert and {Kiddell}, Cain and {Applin}, Daniel},
        title = "{Detection of Rotational Spectral Variation on the M-type Asteroid (16) Psyche}",
      journal = {Astronomical Journal},
     keywords = {minor planets, asteroids: general, techniques: spectroscopic, Astrophysics - Earth and Planetary Astrophysics},
         year = 2017,
        month = jan,
       volume = {153},
       number = {1},
          eid = {29},
        pages = {29},
          doi = {10.3847/1538-3881/153/1/29},
archivePrefix = {arXiv},
       eprint = {1701.02742},
 primaryClass = {astro-ph.EP},
       adsurl = {https://ui.adsabs.harvard.edu/abs/2017AJ....153...29S},
      adsnote = {Provided by the SAO/NASA Astrophysics Data System}
}

@ARTICLE{becker2020,
       author = {{Becker}, Tracy M. and {Cunningham}, Nathaniel and {Molyneux}, Philippa and {Roth}, Lorenz and {Feaga}, Lori M. and {Retherford}, Kurt D. and {Landsman}, Zoe A. and {Peavler}, Emma and {Elkins-Tanton}, Linda T. and {Walhund}, Jan-Erik},
        title = "{HST UV Observations of Asteroid (16) Psyche}",
      journal = {The Planetary Science Journal},
     keywords = {Main belt asteroids, UV astronomy, Hubble Space Telescope, 2036, 1736, 761},
         year = 2020,
        month = dec,
       volume = {1},
       number = {3},
          eid = {53},
        pages = {53},
          doi = {10.3847/PSJ/abb67e},
       adsurl = {https://ui.adsabs.harvard.edu/abs/2020PSJ.....1...53B},
      adsnote = {Provided by the SAO/NASA Astrophysics Data System}
}

@ARTICLE{bus2002,
       author = {{Bus}, Schelte J. and {Binzel}, Richard P.},
        title = "{Phase II of the Small Main-Belt Asteroid Spectroscopic Survey. A Feature-Based Taxonomy}",
      journal = {Icarus},
         year = 2002,
        month = jul,
       volume = {158},
       number = {1},
        pages = {146-177},
          doi = {10.1006/icar.2002.6856},
       adsurl = {https://ui.adsabs.harvard.edu/abs/2002Icar..158..146B},
      adsnote = {Provided by the SAO/NASA Astrophysics Data System}
}

@ARTICLE{chapman1973,
       author = {{Chapman}, Clark R. and {Salisbury}, John W.},
        title = "{Comparisons of meteorite and asteroid spectral reflectivities}",
      journal = {Icarus},
         year = 1973,
        month = aug,
       volume = {19},
       number = {4},
        pages = {507-522},
          doi = {10.1016/0019-1035(73)90078-X},
       adsurl = {https://ui.adsabs.harvard.edu/abs/1973Icar...19..507C},
      adsnote = {Provided by the SAO/NASA Astrophysics Data System}
}

@ARTICLE{johnson1973,
       author = {{Johnson}, Torrence V. and {Fanale}, Fraser P.},
        title = "{Optical Properties of Carbonaceous Chondrites and Their Relationship to Asteroids}",
      journal = {Journal of Geophysical Research},
         year = 1973,
        month = jan,
       volume = {78},
       number = {35},
        pages = {8507-8518},
          doi = {10.1029/JB078i035p08507},
       adsurl = {https://ui.adsabs.harvard.edu/abs/1973JGR....78.8507J},
      adsnote = {Provided by the SAO/NASA Astrophysics Data System}
}

@ARTICLE{takir2012,
       author = {{Takir}, Driss and {Emery}, Joshua P.},
        title = "{Outer Main Belt asteroids: Identification and distribution of four 3-{\ensuremath{\mu}}m spectral groups}",
      journal = {Icarus},
         year = 2012,
        month = jun,
       volume = {219},
       number = {2},
        pages = {641-654},
          doi = {10.1016/j.icarus.2012.02.022},
       adsurl = {https://ui.adsabs.harvard.edu/abs/2012Icar..219..641T},
      adsnote = {Provided by the SAO/NASA Astrophysics Data System}
}

@ARTICLE{elkins-tanton2020,
       author = {{Elkins-Tanton}, L.~T. and {Asphaug}, E. and {Bell}, J.~F. and {Bercovici}, H. and {Bills}, B. and {Binzel}, R. and {Bottke}, W.~F. and {Dibb}, S. and {Lawrence}, D.~J. and {Marchi}, S. and {McCoy}, T.~J. and {Oran}, R. and {Park}, R.~S. and {Peplowski}, P.~N. and {Polanskey}, C.~A. and {Prettyman}, T.~H. and {Russell}, C.~T. and {Schaefer}, L. and {Weiss}, B.~P. and {Wieczorek}, M.~A. and {Williams}, D.~A. and {Zuber}, M.~T.},
        title = "{Observations, Meteorites, and Models: A Preflight Assessment of the Composition and Formation of (16) Psyche}",
      journal = {Journal of Geophysical Research (Planets)},
     keywords = {asteroid, Psyche, NASA, density, meteorite},
         year = 2020,
        month = mar,
       volume = {125},
       number = {3},
          eid = {e06296},
        pages = {e06296},
          doi = {10.1029/2019JE006296},
       adsurl = {https://ui.adsabs.harvard.edu/abs/2020JGRE..12506296E},
      adsnote = {Provided by the SAO/NASA Astrophysics Data System}
}

@ARTICLE{shepard2017,
       author = {{Shepard}, Michael K. and {Richardson}, James and {Taylor}, Patrick A. and {Rodriguez-Ford}, Linda A. and {Conrad}, Al and {de Pater}, Imke and {Adamkovics}, Mate and {de Kleer}, Katherine and {Males}, Jared R. and {Morzinski}, Katie M. and {Close}, Laird M. and {Kaasalainen}, Mikko and {Viikinkoski}, Matti and {Timerson}, Bradley and {Reddy}, Vishnu and {Magri}, Christopher and {Nolan}, Michael C. and {Howell}, Ellen S. and {Benner}, Lance A.~M. and {Giorgini}, Jon D. and {Warner}, Brian D. and {Harris}, Alan W.},
        title = "{Radar observations and shape model of asteroid 16 Psyche}",
      journal = {Icarus},
     keywords = {Asteroids, Asteroids Composition, Surfaces Asteroids, Radar},
         year = 2017,
        month = jan,
       volume = {281},
        pages = {388-403},
          doi = {10.1016/j.icarus.2016.08.011},
       adsurl = {https://ui.adsabs.harvard.edu/abs/2017Icar..281..388S},
      adsnote = {Provided by the SAO/NASA Astrophysics Data System}
}

@ARTICLE{england1975,
       author = {{England}, A.~W.},
        title = "{Thermal microwave emission from a scattering layer}",
      journal = {Journal of Geophysical Research},
     keywords = {Brightness Temperature, Microwave Radiometers, Radiative Transfer, Rayleigh Scattering, Surface Temperature, Thermal Emission, Half Spaces, Homogeneity, Ice Floes, Lunar Albedo, Lunar Soil, Microwave Emission, Remote Sensors, Surface Roughness Effects, Physics (General)},
         year = 1975,
        month = nov,
       volume = {80},
       number = {B32},
        pages = {4484-4496},
          doi = {10.1029/JB080i032p04484},
       adsurl = {https://ui.adsabs.harvard.edu/abs/1975JGR....80.4484E},
      adsnote = {Provided by the SAO/NASA Astrophysics Data System}
}

@ARTICLE{keihm1982,
       author = {{Keihm}, S.~J.},
        title = "{Effects of subsurface volume scattering on the lunar microwave brightness temperature spectrum}",
      journal = {Icarus},
     keywords = {Brightness Distribution, Brightness Temperature, Lunar Surface, Microwave Scattering, Lunar Maps, Lunar Rocks, Mie Scattering, Particle Size Distribution, Rayleigh Scattering, Lunar and Planetary Exploration},
         year = 1982,
        month = dec,
       volume = {52},
       number = {3},
        pages = {570-584},
          doi = {10.1016/0019-1035(82)90017-3},
       adsurl = {https://ui.adsabs.harvard.edu/abs/1982Icar...52..570K},
      adsnote = {Provided by the SAO/NASA Astrophysics Data System}
}

@ARTICLE{pettengill1988,
       author = {{Pettengill}, Gordon H. and {Ford}, Peter G. and {Chapman}, Bruce D.},
        title = "{Venus - Surface electromagnetic properties}",
      journal = {Journal of Geophysical Research},
     keywords = {Electromagnetic Scattering, Planetary Composition, Radar Imagery, Surface Properties, Surface Roughness, Venus Surface, Brightness Temperature, Electrical Properties, Pioneer Venus Spacecraft, Reflectance, Space Based Radar, Lunar and Planetary Exploration},
         year = 1988,
        month = dec,
       volume = {93},
        pages = {14881-14892},
          doi = {10.1029/JB093iB12p14881},
       adsurl = {https://ui.adsabs.harvard.edu/abs/1988JGR....9314881P},
      adsnote = {Provided by the SAO/NASA Astrophysics Data System}
}

@ARTICLE{pettengill1996,
       author = {{Pettengill}, Gordon H. and {Ford}, Peter G. and {Simpson}, Richard A.},
        title = "{Electrical Properties of the Venus Surface from Bistatic Radar Observations}",
      journal = {Science},
         year = 1996,
        month = jun,
       volume = {272},
       number = {5268},
        pages = {1628-1631},
          doi = {10.1126/science.272.5268.1628},
       adsurl = {https://ui.adsabs.harvard.edu/abs/1996Sci...272.1628P},
      adsnote = {Provided by the SAO/NASA Astrophysics Data System}
}

@ARTICLE{tryka1992,
       author = {{Tryka}, Kimberly A. and {Muhleman}, Duane O.},
        title = "{Reflection and emission properties on Venus: Alpha Regio}",
      journal = {Journal of Geophysical Research},
     keywords = {Physical Properties, Radar Echoes, Reflected Waves, Surface Properties, Venus Surface, Backscattering, Geophysics, Radar Measurement, Radar Scattering, Thermal Emission, Lunar and Planetary Exploration, Planetology: Solid Surface Planets: Surface materials and properties, Radio Science: Radar astronomy},
         year = 1992,
        month = aug,
       volume = {97},
       number = {E8},
        pages = {13379-13394},
          doi = {10.1029/92JE01163},
       adsurl = {https://ui.adsabs.harvard.edu/abs/1992JGR....9713379T},
      adsnote = {Provided by the SAO/NASA Astrophysics Data System}
}

@PHDTHESIS{wilt1992,
       author = {{Wilt}, Robert Joseph},
        title = "{A Study of Areas of Low Radio-Thermal Emissivity on Venus.}",
     keywords = {Physics: Astronomy and Astrophysics, Emissivity, Permittivity, Radiometers, Venus (Planet), Venus Surface, Dielectrics, Elevation, Magellan Spacecraft (Nasa), Monte Carlo Method, Radiance, Thermal Emission, Lunar and Planetary Exploration},
       school = {Massachusetts Institute of Technology, Cambridge.},
         year = 1992,
        month = jan,
       adsurl = {https://ui.adsabs.harvard.edu/abs/1992PhDT........14W},
      adsnote = {Provided by the SAO/NASA Astrophysics Data System}
}

@BOOK{jackson1975,
       author = {{Jackson}, John David},
        title = "{Classical electrodynamics}",
	publisher = "Wiley",
	address = "New York, N.Y.",
         year = 1975,
       adsurl = {https://ui.adsabs.harvard.edu/abs/1975clel.book.....J},
      adsnote = {Provided by the SAO/NASA Astrophysics Data System}
}

@ARTICLE{junoalma,
       author = {{ALMA Partnership} and {Hunter}, T.~R. and {Kneissl}, R. and {Moullet}, A. and {Brogan}, C.~L. and {Fomalont}, E.~B. and {Vlahakis}, C. and {Asaki}, Y. and {Barkats}, D. and {Dent}, W.~R.~F. and {Hills}, R.~E. and {Hirota}, A. and {Hodge}, J.~A. and {Impellizzeri}, C.~M.~V. and {Liuzzo}, E. and {Lucas}, R. and {Marcelino}, N. and {Matsushita}, S. and {Nakanishi}, K. and {P{\'e}rez}, L.~M. and {Phillips}, N. and {Richards}, A.~M.~S. and {Toledo}, I. and {Aladro}, R. and {Broguiere}, D. and {Cortes}, J.~R. and {Cortes}, P.~C. and {Espada}, D. and {Galarza}, F. and {Garcia-Appadoo}, D. and {Guzman-Ramirez}, L. and {Hales}, A.~S. and {Humphreys}, E.~M. and {Jung}, T. and {Kameno}, S. and {Laing}, R.~A. and {Leon}, S. and {Marconi}, G. and {Mignano}, A. and {Nikolic}, B. and {Nyman}, L. -A. and {Radiszcz}, M. and {Remijan}, A. and {Rod{\'o}n}, J.~A. and {Sawada}, T. and {Takahashi}, S. and {Tilanus}, R.~P.~J. and {Vila Vilaro}, B. and {Watson}, L.~C. and {Wiklind}, T. and {De Gregorio-Monsalvo}, I. and {Di Francesco}, J. and {Mangum}, J. and {Francke}, H. and {Gallardo}, J. and {Garcia}, J. and {Gonzalez}, S. and {Hill}, T. and {Kaminski}, T. and {Kurono}, Y. and {Lopez}, C. and {Morales}, F. and {Plarre}, K. and {Randall}, S. and {van kempen}, T. and {Videla}, L. and {Villard}, E. and {Andreani}, P. and {Hibbard}, J.~E. and {Tatematsu}, K.},
        title = "{The 2014 ALMA Long Baseline Campaign: Observations of Asteroid 3 Juno at 60 Kilometer Resolution}",
      journal = {The Astrophysical Journal Letters},
     keywords = {minor planets, asteroids: general, asteroids: individual: 3 Juno, planets and satellites: surfaces, techniques: interferometric, Astrophysics - Earth and Planetary Astrophysics},
         year = 2015,
        month = jul,
       volume = {808},
       number = {1},
          eid = {L2},
        pages = {L2},
          doi = {10.1088/2041-8205/808/1/L2},
archivePrefix = {arXiv},
       eprint = {1503.02650},
 primaryClass = {astro-ph.EP},
       adsurl = {https://ui.adsabs.harvard.edu/abs/2015ApJ...808L...2A},
      adsnote = {Provided by the SAO/NASA Astrophysics Data System}
}

@book{parkhomenko1967,
author = {Parkhomenko, Ė. I. (Ėleonora Ivanovna)},
year = "1967",
address = {New York},
keywords = {Rocks -- Electric properties},
language = {eng},
lccn = {67010311},
publisher = {Plenum Press},
series = {Monographs in geoscience},
title = {Electrical properties of rocks},
}

@book{meaden1965,
author = {Meaden, G.T.},
year = "1965",
address = {Boston, MA},
publisher = {Springer},
title = {Electrical resistance of metals},
}

@article{ulaby2014,
title = "F.T. Ulaby and D.G. Long: Microwave Radar and Radiometric Remote Sensing",
author = "J.G.P.W. Clevers",
year = "2014",
language = "English",
volume = "34",
pages = "264--265",
journal = "International Journal of applied Earth Observation and Geoinformation",
issn = "0303-2434",
publisher = "Elsevier",
}

@INPROCEEDINGS{fensler1962,
       author = {{Fensler}, W.~E. and {Knott}, E.~F. and {Olte}, A. and {Siegel}, K.~M.},
        title = "{The Electromagnetic Parameters of Selected Terrestrial and Extraterrestrial Rocks and Glasses}",
    booktitle = {The Moon},
         year = 1962,
       editor = {{Kopal}, Zdenek and {Mikhailov}, Zdenka Kadla},
       volume = {14},
        month = jan,
        pages = {545-565},
       adsurl = {https://ui.adsabs.harvard.edu/abs/1962IAUS...14..545F},
      adsnote = {Provided by the SAO/NASA Astrophysics Data System}
}

@INPROCEEDINGS{bell1989,
       author = {{Bell}, Jeffrey F. and {Davis}, Donald R. and {Hartmann}, William K. and {Gaffey}, Michael J.},
        title = "{Asteroids: the big picture.}",
     keywords = {Asteroid Belts, Data Acquisition, Infrared Telescopes, Chemical Composition, Meteoritic Microstructures, Lunar and Planetary Exploration, Minor Planets: Evolution, Minor Planets: Fragmentation},
    booktitle = {Asteroids II},
         year = 1989,
       editor = {{Binzel}, Richard P. and {Gehrels}, Tom and {Matthews}, Mildred Shapley},
        month = jan,
        pages = {921-945},
       adsurl = {https://ui.adsabs.harvard.edu/abs/1989aste.conf..921B},
      adsnote = {Provided by the SAO/NASA Astrophysics Data System}
}

@INBOOK{wetherill1988,
       author = {{Wetherill}, George W. and {Chapman}, Clark R.},
        title = "{Asteroids and meteorites.}",
     keywords = {Asteroids, Meteorites, Chemical Composition, Chondrites, Infrared Spectra, Origins, Radar Data, Solar Orbits, Spectrophotometry, Visible Spectrum, Lunar and Planetary Exploration, Meteorites: Origin, Meteorites: Minor Planets, Minor Planets: Origin},
    booktitle = {Meteorites and the Early Solar System},
         year = 1988,
       publisher = {University of Arizona Press},
        pages = {35-67},
       adsurl = {https://ui.adsabs.harvard.edu/abs/1988mess.book...35W},
      adsnote = {Provided by the SAO/NASA Astrophysics Data System}
}

@ARTICLE{keil1994,
       author = {{Keil}, K. and {Haack}, H. and {Scott}, E.~R.~D.},
        title = "{Catastrophic fragmentation of asteroids: evidence from meteorites}",
      journal = {Planetary and Space Science},
     keywords = {Asteroids, Collisions, Fragmentation, Meteorites, Accumulations, Chondrites, Enstatite, Iron, Ureilites, Astrophysics},
         year = 1994,
        month = dec,
       volume = {42},
       number = {12},
        pages = {1109-1122},
          doi = {10.1016/0032-0633(94)90011-6},
       adsurl = {https://ui.adsabs.harvard.edu/abs/1994P&SS...42.1109K},
      adsnote = {Provided by the SAO/NASA Astrophysics Data System}
}

@ARTICLE{meibom1999,
       author = {{Meibom}, Anders and {Clark}, Beth E.},
        title = "{Invited review: Evidence for the insignificance of ordinary chondritic material in the asteroid belt}",
      journal = {Meteoritics and Planetary Science},
         year = 1999,
        month = jan,
       volume = {34},
       number = {1},
        pages = {7-24},
       adsurl = {https://ui.adsabs.harvard.edu/abs/1999M&PS...34....7M},
      adsnote = {Provided by the SAO/NASA Astrophysics Data System}
}

@PHDTHESIS{tholen1984,
       author = {{Tholen}, David James},
        title = "{Asteroid Taxonomy from Cluster Analysis of Photometry.}",
     keywords = {Physics: Astronomy and Astrophysics, Asteroids, Astronomical Photometry, Cluster Analysis, Taxonomy, Albedo, Data Bases, Principal Components Analysis, Spectrum Analysis, Astronomy},
       school = {University of Arizona, Tucson},
         year = 1984,
        month = sep,
       adsurl = {https://ui.adsabs.harvard.edu/abs/1984PhDT.........3T},
      adsnote = {Provided by the SAO/NASA Astrophysics Data System}
}

@ARTICLE{ferrais2020,
       author = {{Ferrais}, M. and {Vernazza}, P. and {Jorda}, L. and {Rambaux}, N. and {Hanu{\v{s}}}, J. and {Carry}, B. and {Marchis}, F. and {Marsset}, M. and {Viikinkoski}, M. and {Bro{\v{z}}}, M. and {Fetick}, R. and {Drouard}, A. and {Fusco}, T. and {Birlan}, M. and {Podlewska-Gaca}, E. and {Jehin}, E. and {Bartczak}, P. and {Berthier}, J. and {Castillo-Rogez}, J. and {Cipriani}, F. and {Colas}, F. and {Dudzi{\'n}ski}, G. and {Dumas}, C. and {{\v{D}}urech}, J. and {Kaasalainen}, M. and {Kryszczynska}, A. and {Lamy}, P. and {Le Coroller}, H. and {Marciniak}, A. and {Michalowski}, T. and {Michel}, P. and {Santana-Ros}, T. and {Tanga}, P. and {Vachier}, F. and {Vigan}, A. and {Witasse}, O. and {Yang}, B.},
        title = "{Asteroid (16) Psyche's primordial shape: A possible Jacobi ellipsoid}",
      journal = {Astronomy and Astrophysics},
     keywords = {minor planets, asteroids: general, asteroids: individual: (16) Psyche, methods: observational, techniques: high angular resolution},
         year = 2020,
        month = jun,
       volume = {638},
          eid = {L15},
        pages = {L15},
          doi = {10.1051/0004-6361/202038100},
       adsurl = {https://ui.adsabs.harvard.edu/abs/2020A&A...638L..15F},
      adsnote = {Provided by the SAO/NASA Astrophysics Data System}
}

@INBOOK{delbo2015,
       author = {{Delbo}, M. and {Mueller}, M. and {Emery}, J.~P. and {Rozitis}, B. and {Capria}, M.~T.},
        title = "{Asteroid Thermophysical Modeling}",
     keywords = {Astrophysics - Earth and Planetary Astrophysics},
    booktitle = {Asteroids IV},
         year = 2015,
        pages = {107-128},
          doi = {10.2458/azu_uapress_9780816532131-ch006},
       adsurl = {https://ui.adsabs.harvard.edu/abs/2015aste.book..107D},
      adsnote = {Provided by the SAO/NASA Astrophysics Data System}
}

@ARTICLE{berthet2009,
       author = {{Berthet}, S. and {Malavergne}, V. and {Righter}, K.},
        title = "{Melting of the Indarch meteorite (EH4 chondrite) at 1 GPa and variable oxygen fugacity: Implications for early planetary differentiation processes}",
      journal = {\gca},
         year = 2009,
        month = oct,
       volume = {73},
       number = {20},
        pages = {6402-6420},
          doi = {10.1016/j.gca.2009.07.030},
       adsurl = {https://ui.adsabs.harvard.edu/abs/2009GeCoA..73.6402B},
      adsnote = {Provided by the SAO/NASA Astrophysics Data System}
}

@BOOK{ulaby1988,
       author = {{Ulaby}, F.~T. and {Bengal}, T. and {East}, J. and {Dobson}, M.~C. and {Garvin}, J. and {Evans}, D.},
        title = "{Microwave dielectric spectrum of rocks}",
         year = 1988,
       adsurl = {https://ui.adsabs.harvard.edu/abs/1988mdsr.book.....U},
      adsnote = {Provided by the SAO/NASA Astrophysics Data System}
}

@ARTICLE{lellouch2017,
       author = {{Lellouch}, E. and {Moreno}, R. and {M{\"u}ller}, T. and {Fornasier}, S. and {Santos-Sanz}, P. and {Moullet}, A. and {Gurwell}, M. and {Stansberry}, J. and {Leiva}, R. and {Sicardy}, B. and {Butler}, B. and {Boissier}, J.},
        title = "{The thermal emission of Centaurs and trans-Neptunian objects at millimeter wavelengths from ALMA observations}",
      journal = {Astronomy and Astrophysics},
     keywords = {Kuiper belt: general, methods: observational, radio continuum: planetary systems, Astrophysics - Earth and Planetary Astrophysics},
         year = 2017,
        month = dec,
       volume = {608},
          eid = {A45},
        pages = {A45},
          doi = {10.1051/0004-6361/201731676},
archivePrefix = {arXiv},
       eprint = {1709.06747},
 primaryClass = {astro-ph.EP},
       adsurl = {https://ui.adsabs.harvard.edu/abs/2017A&A...608A..45L},
      adsnote = {Provided by the SAO/NASA Astrophysics Data System}
}

@ARTICLE{kelly1953,
       author = {{Kelly}, Joseph M. and {Stenoien}, Joseph O. and {Isbell}, Dwight E.},
        title = "{Wave-Guide Measurements in the Microwave Region on Metal Powders Suspended in Paraffin Wax}",
      journal = {Journal of Applied Physics},
         year = 1953,
        month = mar,
       volume = {24},
       number = {3},
        pages = {258-262},
          doi = {10.1063/1.1721261},
       adsurl = {https://ui.adsabs.harvard.edu/abs/1953JAP....24..258K},
      adsnote = {Provided by the SAO/NASA Astrophysics Data System}
}

@ARTICLE{olhoeft1975,
       author = {{Olhoeft}, G.~R. and {Strangway}, D.~W.},
        title = "{Dielectric properties of the first 100 meters of the Moon}",
      journal = {Earth and Planetary Science Letters},
     keywords = {Dielectric Properties, Lunar Crust, Lunar Soil, Radio Attenuation, Attenuation Coefficients, Density Distribution, Lunar Radar Echoes, Lunar Surface, Soil Mechanics, Transmissometers, Lunar and Planetary Exploration},
         year = 1975,
        month = jan,
       volume = {24},
       number = {3},
        pages = {394-404},
          doi = {10.1016/0012-821X(75)90146-6},
       adsurl = {https://ui.adsabs.harvard.edu/abs/1975E&PSL..24..394O},
      adsnote = {Provided by the SAO/NASA Astrophysics Data System}
}

@INPROCEEDINGS{lebofsky1989,
       author = {{Lebofsky}, Larry A. and {Spencer}, John R.},
        title = "{Radiometry and thermal modeling of asteroids.}",
     keywords = {Asteroids, Astrometry, Astronomical Models, Infrared Detectors, Radiometers, Thermal Emission, Planetary Surfaces, Stellar Occultation, Surface Roughness, Lunar and Planetary Exploration, Minor Planets: Radiometry, Minor Planets: Thermal Radiation, Minor Planets: Albedo, Minor Planets: Diameters},
    booktitle = {Asteroids II},
         year = 1989,
       editor = {{Binzel}, Richard P. and {Gehrels}, Tom and {Matthews}, Mildred Shapley},
        month = jan,
        pages = {128-147},
       adsurl = {https://ui.adsabs.harvard.edu/abs/1989aste.conf..128L},
      adsnote = {Provided by the SAO/NASA Astrophysics Data System}
}

@ARTICLE{gulkis2010,
       author = {{Gulkis}, S. and {Keihm}, S. and {Kamp}, L. and {Backus}, C. and {Janssen}, M. and {Lee}, S. and {Davidsson}, B. and {Beaudin}, G. and {Biver}, N. and {Bockel{\'e}e-Morvan}, D. and {Crovisier}, J. and {Encrenaz}, P. and {Encrenaz}, T. and {Hartogh}, P. and {Hofstadter}, M. and {Ip}, W. and {Lellouch}, E. and {Mann}, I. and {Schloerb}, P. and {Spilker}, T. and {Frerking}, M.},
        title = "{Millimeter and submillimeter measurements of asteroid (2867) Steins during the Rosetta fly-by}",
      journal = {Planetary and Space Science},
         year = 2010,
        month = jul,
       volume = {58},
       number = {9},
        pages = {1077-1087},
          doi = {10.1016/j.pss.2010.02.008},
       adsurl = {https://ui.adsabs.harvard.edu/abs/2010P&SS...58.1077G},
      adsnote = {Provided by the SAO/NASA Astrophysics Data System}
}

@ARTICLE{lamy2008,
       author = {{Lamy}, P.~L. and {Jorda}, L. and {Fornasier}, S. and {Groussin}, O. and {Barucci}, M.~A. and {Carvano}, J. and {Dotto}, E. and {Fulchignoni}, M. and {Toth}, I.},
        title = "{Asteroid 2867 Steins. III. Spitzer Space Telescope observations, size determination, and thermal properties}",
      journal = {Astronomy and Astrophysics},
     keywords = {minor planets, asteroids, techniques: image processing},
         year = 2008,
        month = sep,
       volume = {487},
       number = {3},
        pages = {1187-1193},
          doi = {10.1051/0004-6361:20078996},
       adsurl = {https://ui.adsabs.harvard.edu/abs/2008A&A...487.1187L},
      adsnote = {Provided by the SAO/NASA Astrophysics Data System}
}

@ARTICLE{gulkis2012,
       author = {{Gulkis}, S. and {Keihm}, S. and {Kamp}, L. and {Lee}, S. and {Hartogh}, P. and {Crovisier}, J. and {Lellouch}, E. and {Encrenaz}, P. and {Bockelee-Morvan}, D. and {Hofstadter}, M. and {Beaudin}, G. and {Janssen}, M. and {Weissman}, P. and {von Allmen}, P.~A. and {Encrenaz}, T. and {Backus}, C.~R. and {Ip}, W. -H. and {Schloerb}, P.~F. and {Biver}, N. and {Spilker}, T. and {Mann}, I.},
        title = "{Continuum and spectroscopic observations of asteroid (21) Lutetia at millimeter and submillimeter wavelengths with the MIRO instrument on the Rosetta spacecraft}",
      journal = {Planetary and Space Science},
         year = 2012,
        month = jun,
       volume = {66},
       number = {1},
        pages = {31-42},
          doi = {10.1016/j.pss.2011.12.004},
       adsurl = {https://ui.adsabs.harvard.edu/abs/2012P&SS...66...31G},
      adsnote = {Provided by the SAO/NASA Astrophysics Data System}
}

@ARTICLE{redman1992,
       author = {{Redman}, Russell O. and {Feldman}, P.~A. and {Matthews}, H.~E. and {Halliday}, I. and {Creutzberg}, F.},
        title = "{Millimeter and Submillimeter Observations of the Asteroid 4 Vesta}",
      journal = {Astronomical Journal},
     keywords = {Astronomical Spectroscopy, Light Curve, Submillimeter Waves, Vesta Asteroid, Albedo, Infrared Astronomy Satellite, Millimeter Waves, Radio Astronomy, Signal To Noise Ratios, Lunar and Planetary Exploration, MINOR PLANETS, RADIATION MECHANISMS : THERMAL, RADIO CONTINUUM: SOLAR SYSTEM},
         year = 1992,
        month = jul,
       volume = {104},
        pages = {405},
          doi = {10.1086/116248},
       adsurl = {https://ui.adsabs.harvard.edu/abs/1992AJ....104..405R},
      adsnote = {Provided by the SAO/NASA Astrophysics Data System}
}

@ARTICLE{mueller1998,
       author = {{Mueller}, T.~G. and {Lagerros}, J.~S.~V.},
        title = "{Asteroids as far-infrared photometric standards for ISOPHOT}",
      journal = {Astronomy and Astrophysics},
     keywords = {MINOR PLANETS, ASTEROIDS, RADIATION MECHANISMS: THERMAL, INFRARED: SOLAR SYSTEM},
         year = 1998,
        month = oct,
       volume = {338},
        pages = {340-352},
       adsurl = {https://ui.adsabs.harvard.edu/abs/1998A&A...338..340M},
      adsnote = {Provided by the SAO/NASA Astrophysics Data System}
}

@ARTICLE{mueller2007,
       author = {{M{\"u}ller}, T.~G. and {Barnes}, P.~J.},
        title = "{3.2 mm lightcurve observations of (4) Vesta and (9) Metis with the Australia Telescope Compact Array}",
      journal = {Astronomy and Astrophysics},
     keywords = {minor planets, asteroids, radio continuum: solar system, infrared: solar system, techniques: photometric, radiation mechanisms: thermal, Astrophysics},
         year = 2007,
        month = may,
       volume = {467},
       number = {2},
        pages = {737-747},
          doi = {10.1051/0004-6361:20066626},
archivePrefix = {arXiv},
       eprint = {astro-ph/0703215},
 primaryClass = {astro-ph},
       adsurl = {https://ui.adsabs.harvard.edu/abs/2007A&A...467..737M},
      adsnote = {Provided by the SAO/NASA Astrophysics Data System}
}

@ARTICLE{keihm2013,
       author = {{Keihm}, Stephen and {Kamp}, Lucas and {Gulkis}, Samuel and {Hofstadter}, Mark and {Lee}, Seungwon and {Janssen}, Michael and {Choukroun}, Mathieu},
        title = "{Reconciling main belt asteroid spectral flux density measurements with a self-consistent thermophysical model}",
      journal = {Icarus},
         year = 2013,
        month = sep,
       volume = {226},
       number = {1},
        pages = {1086-1102},
          doi = {10.1016/j.icarus.2013.07.005},
       adsurl = {https://ui.adsabs.harvard.edu/abs/2013Icar..226.1086K},
      adsnote = {Provided by the SAO/NASA Astrophysics Data System}
}

@ARTICLE{johnson1983,
       author = {{Johnson}, P.~E. and {Kemp}, J.~C. and {Lebofsky}, M.~J. and {Rieke}, G.~H.},
        title = "{10 {\ensuremath{\mu}}m polarimetry of ceres}",
      journal = {Icarus},
     keywords = {Ceres Asteroid, Infrared Astronomy, Polar Coordinates, Polarimetry, Thermal Radiation, Thermophysical Properties, Astrometry, Astronomical Coordinates, Inertia, Linear Polarization, Planetary Temperature, Surface Roughness Effects, Astronomy},
         year = 1983,
        month = dec,
       volume = {56},
       number = {3},
        pages = {381-392},
          doi = {10.1016/0019-1035(83)90159-8},
       adsurl = {https://ui.adsabs.harvard.edu/abs/1983Icar...56..381J},
      adsnote = {Provided by the SAO/NASA Astrophysics Data System}
}

@ARTICLE{cloutis1990,
       author = {{Cloutis}, E.~A. and {Gaffey}, M.~J. and {Smith}, D.~G.~W. and {Lambert}, R. St. J.},
        title = "{Reflectance spectra of ``featureless'' materials and the surface mineralogies of M- and E-class asteroids.}",
      journal = {Journal of Geophysical Research},
     keywords = {Asteroids, Meteoritic Composition, Minerals, Planetary Surfaces, Spectral Reflectance, Enstatite, Iron Oxides, Silicates, Spectrum Analysis, ASTEROIDS, REFLECTANCE, SPECTRA, OPTICAL PROPERTIES, SURFACE, MINERALOGY, M ASTEROIDS, E ASTEROIDS, PSYCHE, NYSA, METAL, SILICATES, ENSTATITE, CARBON, IRON, OXIDES, WAVELENGTHS, REMOTE SENSING, ANALYSIS, SIZE, PARAMETERS, PARTICLES, CHEMISTRY, STRUCTURE, ABUNDANCE, Lunar and Planetary Exploration; Asteroids, Reflectance Spectra: Meteorites, Reflectance Spectra: Minor Planets, Mineralogy: Meteorites, Mineralogy: Minor Planets},
         year = 1990,
        month = jan,
       volume = {95},
        pages = {281-293},
          doi = {10.1029/JB095iB01p00281},
       adsurl = {https://ui.adsabs.harvard.edu/abs/1990JGR....95..281C},
      adsnote = {Provided by the SAO/NASA Astrophysics Data System}
}

@ARTICLE{dollfus1979,
       author = {{Dollfus}, A. and {Mandeville}, J.~C. and {Duseaux}, M.},
        title = "{The nature of the M-type asteroids from optical polarimetry}",
      journal = {Icarus},
     keywords = {Asteroids, Chemical Composition, Optical Polarization, Polarimetry, Abundance, Fragmentation, Metal Powder, Metal Surfaces, Meteoritic Composition, POLARIZATION, ASTEROIDS, FRAGMENTS, METAL, IRON, POLARIMETRY, NICKEL, METEOROID IMPACTS, SURFACE, OPTICAL PROPERTIES, Lunar and Planetary Exploration; Asteroids},
         year = 1979,
        month = jan,
       volume = {37},
       number = {1},
        pages = {124-132},
          doi = {10.1016/0019-1035(79)90120-9},
       adsurl = {https://ui.adsabs.harvard.edu/abs/1979Icar...37..124D},
      adsnote = {Provided by the SAO/NASA Astrophysics Data System}
}

@ARTICLE{mitchell1994,
       author = {{Mitchell}, David L. and {de Pater}, Imke},
        title = "{Microwave Imaging of Mercury's Thermal Emission at Wavelengths from 0.3 to 20.5 cm}",
      journal = {Icarus},
     keywords = {Diurnal Variations, Infrared Imagery, Mathematical Models, Mercury Surface, Microwave Imagery, Regolith, Thermal Emission, Astronomical Interferometry, Brightness, Image Analysis, Numerical Analysis, Opacity, Radiative Transfer, Very Large Array (Vla), Lunar and Planetary Exploration},
         year = 1994,
        month = jul,
       volume = {110},
       number = {1},
        pages = {2-32},
          doi = {10.1006/icar.1994.1105},
       adsurl = {https://ui.adsabs.harvard.edu/abs/1994Icar..110....2M},
      adsnote = {Provided by the SAO/NASA Astrophysics Data System}
}

@ARTICLE{dauphas2011,
       author = {{Dauphas}, Nicolas and {Chaussidon}, Marc},
        title = "{A Perspective from Extinct Radionuclides on a Young Stellar Object: The Sun and Its Accretion Disk}",
      journal = {Annual Review of Earth and Planetary Sciences},
     keywords = {Astrophysics - Earth and Planetary Astrophysics, Astrophysics - Solar and Stellar Astrophysics},
         year = 2011,
        month = may,
       volume = {39},
        pages = {351-386},
          doi = {10.1146/annurev-earth-040610-133428},
archivePrefix = {arXiv},
       eprint = {1105.5172},
 primaryClass = {astro-ph.EP},
       adsurl = {https://ui.adsabs.harvard.edu/abs/2011AREPS..39..351D},
      adsnote = {Provided by the SAO/NASA Astrophysics Data System}
}

@ARTICLE{clegg1970,
       author = {{Clegg}, P.~E. and {Carter}, B.~S.},
        title = "{Measurements of lunar radiation in the wm@clengthrange centred at 1-2 MM}",
      journal = {Monthly Notices of the Royal Astronomical Society},
         year = 1970,
        month = jan,
       volume = {148},
        pages = {261},
          doi = {10.1093/mnras/148.3.261},
       adsurl = {https://ui.adsabs.harvard.edu/abs/1970MNRAS.148..261C},
      adsnote = {Provided by the SAO/NASA Astrophysics Data System}
}

@ARTICLE{gaffey1976,
       author = {{Gaffey}, M.~J.},
        title = "{Spectral reflectance characteristics of the meteorite classes}",
      journal = {Journal of Geophysical Research},
     keywords = {Absorption Spectra, Meteoritic Composition, Mineralogy, Spectral Reflectance, Carbonaceous Chondrites, Dielectrics, Graphs (Charts), Spectral Bands, Wavelengths, Solar Physics},
         year = 1976,
        month = feb,
       volume = {81},
       number = {B5},
        pages = {905-920},
          doi = {10.1029/JB081i005p00905},
       adsurl = {https://ui.adsabs.harvard.edu/abs/1976JGR....81..905G},
      adsnote = {Provided by the SAO/NASA Astrophysics Data System}
}

@ARTICLE{lagerros1996,
       author = {{Lagerros}, J.~S.~V.},
        title = "{Thermal physics of asteroids. II. Polarization of the thermal microwave emission from asteroids.}",
      journal = {Astronomy and Astrophysics},
     keywords = {ASTEROIDS: POLARIZATION, INFRARED: SOLAR SYSTEM},
         year = 1996,
        month = nov,
       volume = {315},
        pages = {625-632},
       adsurl = {https://ui.adsabs.harvard.edu/abs/1996A&A...315..625L},
      adsnote = {Provided by the SAO/NASA Astrophysics Data System}
}

@ARTICLE{viikinkoski2018,
       author = {{Viikinkoski}, M. and {Vernazza}, P. and {Hanu{\v{s}}}, J. and {Le Coroller}, H. and {Tazhenova}, K. and {Carry}, B. and {Marsset}, M. and {Drouard}, A. and {Marchis}, F. and {Fetick}, R. and {Fusco}, T. and {{\v{D}}urech}, J. and {Birlan}, M. and {Berthier}, J. and {Bartczak}, P. and {Dumas}, C. and {Castillo-Rogez}, J. and {Cipriani}, F. and {Colas}, F. and {Ferrais}, M. and {Grice}, J. and {Jehin}, E. and {Jorda}, L. and {Kaasalainen}, M. and {Kryszczynska}, A. and {Lamy}, P. and {Marciniak}, A. and {Michalowski}, T. and {Michel}, P. and {Pajuelo}, M. and {Podlewska-Gaca}, E. and {Santana-Ros}, T. and {Tanga}, P. and {Vachier}, F. and {Vigan}, A. and {Warner}, B. and {Witasse}, O. and {Yang}, B.},
        title = "{(16) Psyche: A mesosiderite-like asteroid?}",
      journal = {Astronomy and Astrophysics},
     keywords = {minor planets, asteroids: general, asteroids: individual: (16) Psyche, methods: observational, techniques: high angular resolution, Astrophysics - Earth and Planetary Astrophysics},
         year = 2018,
        month = nov,
       volume = {619},
          eid = {L3},
        pages = {L3},
          doi = {10.1051/0004-6361/201834091},
archivePrefix = {arXiv},
       eprint = {1810.02771},
 primaryClass = {astro-ph.EP},
       adsurl = {https://ui.adsabs.harvard.edu/abs/2018A&A...619L...3V},
      adsnote = {Provided by the SAO/NASA Astrophysics Data System}
}

@ARTICLE{magri1994,
       author = {{Magri}, Christopher and {Ostro}, Steven J. and {Rosema}, Keith D. and {Thomas}, Michael L. and {Mitchell}, David L. and {Campbell}, Donald B. and {Chandler}, John F. and {Shapiro}, Irwin I. and {Giorgini}, Jon D. and {Yeomans}, Donald K.},
        title = "{Mainbelt Asteroids: Results of Arecibo and Goldstone Radar Observations of 37 Objects during 1980-1995}",
      journal = {Icarus},
     keywords = {asteroids, radar},
         year = 1999,
        month = aug,
       volume = {140},
       number = {2},
        pages = {379-407},
          doi = {10.1006/icar.1999.6130},
       adsurl = {https://ui.adsabs.harvard.edu/abs/1999Icar..140..379M},
      adsnote = {Provided by the SAO/NASA Astrophysics Data System}
}


@ARTICLE{pettengill1992,
       author = {{Pettengill}, Gordon H. and {Ford}, Peter G. and {Wilt}, Robert J.},
        title = "{Venus surface radiothermal emission as observed by Magellan}",
      journal = {Journal of Geophysical Research},
     keywords = {Magellan Spacecraft (Nasa), Microwave Radiometers, Radio Emission, Thermal Emission, Venus Surface, Linear Polarization, Spacecraft Instruments, Surface Roughness, Lunar and Planetary Exploration, Physical Properties of Rocks: Magnetic and electrical properties, Electromagnetics: Scattering and diffraction, Radio Science: Radio astronomy, Radio Science: Instruments and techniques},
         year = 1992,
        month = aug,
       volume = {97},
       number = {E8},
        pages = {13091-13102},
          doi = {10.1029/92JE01356},
       adsurl = {https://ui.adsabs.harvard.edu/abs/1992JGR....9713091P},
      adsnote = {Provided by the SAO/NASA Astrophysics Data System}
}

@ARTICLE{2020IcarRichardson,
       author = {{Richardson}, James E. and {Steckloff}, Jordan K. and {Minton}, David A.},
        title = "{Impact-produced seismic shaking and regolith growth on asteroids 433 Eros, 2867 {\v{S}}teins, and 25143 Itokawa}",
      journal = {Icarus},
     keywords = {Asteroids, Surfaces, Asteroid eros, Asteroid Itokawa, Impact processes, Regoliths},
         year = 2020,
        month = sep,
       volume = {347},
          eid = {113811},
        pages = {113811},
          doi = {10.1016/j.icarus.2020.113811},
       adsurl = {https://ui.adsabs.harvard.edu/abs/2020Icar..34713811R},
      adsnote = {Provided by the SAO/NASA Astrophysics Data System}
}

@inproceedings{landsmanevidence,
  title={Evidence for Silicate Regoliths on 27 Main-belt M-type Asteroids},
  author={Landsman, ZA and Emery, JP and Campins, H and Lim, L and Cruikshank, D},
  booktitle={Thermops},
  volume={1},
  year={2019}
}

@ARTICLE{2009IcarLaver,
       author = {{Laver}, Conor and {de Pater}, Imke and {Marchis}, Franck and {{\'A}d{\'a}mkovics}, M{\'a}t{\'e} and {Wong}, Michael H.},
        title = "{Component-resolved near-infrared spectra of the (22) Kalliope system}",
      journal = {Icarus},
     keywords = {Astrophysics - Earth and Planetary Astrophysics},
         year = 2009,
        month = dec,
       volume = {204},
       number = {2},
        pages = {574-579},
          doi = {10.1016/j.icarus.2009.07.002},
archivePrefix = {arXiv},
       eprint = {0907.2220},
 primaryClass = {astro-ph.EP},
       adsurl = {https://ui.adsabs.harvard.edu/abs/2009Icar..204..574L},
      adsnote = {Provided by the SAO/NASA Astrophysics Data System}
}

@INPROCEEDINGS{2007LPIHardersen,
       author = {{Hardersen}, P.~S. and {Gaffey}, M.~J. and {Kumar}, S. and {Fieber-Beyer}, S.~K. and {Crowell}, J.~J. and {Crowell}, A.~M.},
        title = "{Near-IR Reflectance Spectra of M-Asteroids 250 Bettina, 369 Aeria, 413 Edburga, and 931 Whittemora}",
    booktitle = {Lunar and Planetary Science Conference},
         year = 2007,
       series = {Lunar and Planetary Science Conference},
        month = mar,
        pages = {1956},
       adsurl = {https://ui.adsabs.harvard.edu/abs/2007LPI....38.1956H},
      adsnote = {Provided by the SAO/NASA Astrophysics Data System}
}




@INPROCEEDINGS{2019EPSCCambioni,
       author = {{Cambioni}, Saverio and {Bennett}, Carina A. and {Walsh}, Kevin J. and {DellaGiustina}, Daniella N. and {Golish}, Dathon R. and {Becker}, Kris J. and {Lauretta}, Dante S.},
        title = "{A Search for Smooth Terrains on Asteroid (101955) Bennu using Machine Learning}",
    booktitle = {EPSC-DPS Joint Meeting 2019},
         year = 2019,
       volume = {2019},
        month = sep,
          eid = {EPSC-DPS2019-162},
        pages = {EPSC-DPS2019-162},
       adsurl = {https://ui.adsabs.harvard.edu/abs/2019EPSC...13..162C},
      adsnote = {Provided by the SAO/NASA Astrophysics Data System}
}



@ARTICLE{2011SciCoradini,
       author = {{Coradini}, A. and {Capaccioni}, F. and {Erard}, S. and {Arnold}, G. and {De Sanctis}, M.~C. and {Filacchione}, G. and {Tosi}, F. and {Barucci}, M.~A. and {Capria}, M.~T. and {Ammannito}, E. and {Grassi}, D. and {Piccioni}, G. and {Giuppi}, S. and {Bellucci}, G. and {Benkhoff}, J. and {Bibring}, J.~P. and {Blanco}, A. and {Blecka}, M. and {Bockelee-Morvan}, D. and {Carraro}, F. and {Carlson}, R. and {Carsenty}, U. and {Cerroni}, P. and {Colangeli}, L. and {Combes}, M. and {Combi}, M. and {Crovisier}, J. and {Drossart}, P. and {Encrenaz}, E.~T. and {Federico}, C. and {Fink}, U. and {Fonti}, S. and {Giacomini}, L. and {Ip}, W.~H. and {Jaumann}, R. and {Kuehrt}, E. and {Langevin}, Y. and {Magni}, G. and {McCord}, T. and {Mennella}, V. and {Mottola}, S. and {Neukum}, G. and {Orofino}, V. and {Palumbo}, P. and {Schade}, U. and {Schmitt}, B. and {Taylor}, F. and {Tiphene}, D. and {Tozzi}, G.},
        title = "{The Surface Composition and Temperature of Asteroid 21 Lutetia As Observed by Rosetta/VIRTIS}",
      journal = {Science},
     keywords = {PLANET SCI},
         year = 2011,
        month = oct,
       volume = {334},
       number = {6055},
        pages = {492},
          doi = {10.1126/science.1204062},
       adsurl = {https://ui.adsabs.harvard.edu/abs/2011Sci...334..492C},
      adsnote = {Provided by the SAO/NASA Astrophysics Data System}
}



@ARTICLE{1983IcarFeierberg,
       author = {{Feierberg}, M.~A. and {Witteborn}, F.~C. and {Lebofsky}, L.~A.},
        title = "{Detection of silicate emission features in the 8- to 13-{\ensuremath{\mu}}m spectra of main belt asteroids}",
      journal = {Icarus},
     keywords = {Asteroids, Infrared Spectra, Planetary Composition, Silicates, Thermal Emission, Irradiance, Planetary Surfaces, Vibrational Spectra, Astronomy},
         year = 1983,
        month = dec,
       volume = {56},
       number = {3},
        pages = {393-397},
          doi = {10.1016/0019-1035(83)90160-4},
       adsurl = {https://ui.adsabs.harvard.edu/abs/1983Icar...56..393F},
      adsnote = {Provided by the SAO/NASA Astrophysics Data System}
}



@ARTICLE{2014IcarNeeley,
       author = {{Neeley}, J.~R. and {Clark}, B.~E. and {Ockert-Bell}, M.~E. and {Shepard}, M.~K. and {Conklin}, J. and {Cloutis}, E.~A. and {Fornasier}, S. and {Bus}, S.~J.},
        title = "{The composition of M-type asteroids II: Synthesis of spectroscopic and radar observations}",
      journal = {Icarus},
     keywords = {Astrophysics - Earth and Planetary Astrophysics},
         year = 2014,
        month = aug,
       volume = {238},
        pages = {37-50},
          doi = {10.1016/j.icarus.2014.05.008},
archivePrefix = {arXiv},
       eprint = {1407.0750},
 primaryClass = {astro-ph.EP},
       adsurl = {https://ui.adsabs.harvard.edu/abs/2014Icar..238...37N},
      adsnote = {Provided by the SAO/NASA Astrophysics Data System}
}



@ARTICLE{2014IcarEmery,
       author = {{Emery}, J.~P. and {Fern{\'a}ndez}, Y.~R. and {Kelley}, M.~S.~P. and {Warden}, K.~T. and {Hergenrother}, C. and {Lauretta}, D.~S. and {Drake}, M.~J. and {Campins}, H. and {Ziffer}, J.},
        title = "{Thermal infrared observations and thermophysical characterization of OSIRIS-REx target asteroid (101955) Bennu}",
      journal = {Icarus},
         year = 2014,
        month = may,
       volume = {234},
        pages = {17-35},
          doi = {10.1016/j.icarus.2014.02.005},
       adsurl = {https://ui.adsabs.harvard.edu/abs/2014Icar..234...17E},
      adsnote = {Provided by the SAO/NASA Astrophysics Data System}
}

@inproceedings{emery2011thermal,
  title={Thermal Emission Spectroscopy of M-type Asteroids: How Many are Metallic?},
  author={Emery, JP and Lim, LF},
  booktitle={EPSC-DPS Joint Meeting 2011},
  volume={2011},
  pages={1438},
  year={2011}
}

@ARTICLE{2007IcarMagri,
       author = {{Magri}, Christopher and {Nolan}, Michael C. and {Ostro}, Steven J. and {Giorgini}, Jon D.},
        title = "{A radar survey of main-belt asteroids: Arecibo observations of 55 objects during 1999 2003}",
      journal = {Icarus},
         year = 2007,
        month = jan,
       volume = {186},
       number = {1},
        pages = {126-151},
          doi = {10.1016/j.icarus.2006.08.018},
       adsurl = {https://ui.adsabs.harvard.edu/abs/2007Icar..186..126M},
      adsnote = {Provided by the SAO/NASA Astrophysics Data System}
}

@ARTICLE{2019SciSugita,
       author = {{Sugita}, S. and {Honda}, R. and {Morota}, T. and {Kameda}, S. and {Sawada}, H. and {Tatsumi}, E. and {Yamada}, M. and {Honda}, C. and {Yokota}, Y. and {Kouyama}, T. and {Sakatani}, N. and {Ogawa}, K. and {Suzuki}, H. and {Okada}, T. and {Namiki}, N. and {Tanaka}, S. and {Iijima}, Y. and {Yoshioka}, K. and {Hayakawa}, M. and {Cho}, Y. and {Matsuoka}, M. and {Hirata}, N. and {Hirata}, N. and {Miyamoto}, H. and {Domingue}, D. and {Hirabayashi}, M. and {Nakamura}, T. and {Hiroi}, T. and {Michikami}, T. and {Michel}, P. and {Ballouz}, R. -L. and {Barnouin}, O.~S. and {Ernst}, C.~M. and {Schr{\"o}der}, S.~E. and {Kikuchi}, H. and {Hemmi}, R. and {Komatsu}, G. and {Fukuhara}, T. and {Taguchi}, M. and {Arai}, T. and {Senshu}, H. and {Demura}, H. and {Ogawa}, Y. and {Shimaki}, Y. and {Sekiguchi}, T. and {M{\"u}ller}, T.~G. and {Hagermann}, A. and {Mizuno}, T. and {Noda}, H. and {Matsumoto}, K. and {Yamada}, R. and {Ishihara}, Y. and {Ikeda}, H. and {Araki}, H. and {Yamamoto}, K. and {Abe}, S. and {Yoshida}, F. and {Higuchi}, A. and {Sasaki}, S. and {Oshigami}, S. and {Tsuruta}, S. and {Asari}, K. and {Tazawa}, S. and {Shizugami}, M. and {Kimura}, J. and {Otsubo}, T. and {Yabuta}, H. and {Hasegawa}, S. and {Ishiguro}, M. and {Tachibana}, S. and {Palmer}, E. and {Gaskell}, R. and {Le Corre}, L. and {Jaumann}, R. and {Otto}, K. and {Schmitz}, N. and {Abell}, P.~A. and {Barucci}, M.~A. and {Zolensky}, M.~E. and {Vilas}, F. and {Thuillet}, F. and {Sugimoto}, C. and {Takaki}, N. and {Suzuki}, Y. and {Kamiyoshihara}, H. and {Okada}, M. and {Nagata}, K. and {Fujimoto}, M. and {Yoshikawa}, M. and {Yamamoto}, Y. and {Shirai}, K. and {Noguchi}, R. and {Ogawa}, N. and {Terui}, F. and {Kikuchi}, S. and {Yamaguchi}, T. and {Oki}, Y. and {Takao}, Y. and {Takeuchi}, H. and {Ono}, G. and {Mimasu}, Y. and {Yoshikawa}, K. and {Takahashi}, T. and {Takei}, Y. and {Fujii}, A. and {Hirose}, C. and {Nakazawa}, S. and {Hosoda}, S. and {Mori}, O. and {Shimada}, T. and {Soldini}, S. and {Iwata}, T. and {Abe}, M. and {Yano}, H. and {Tsukizaki}, R. and {Ozaki}, M. and {Nishiyama}, K. and {Saiki}, T. and {Watanabe}, S. and {Tsuda}, Y.},
        title = "{The geomorphology, color, and thermal properties of Ryugu: Implications for parent-body processes}",
      journal = {Science},
     keywords = {PLANET SCI},
         year = 2019,
        month = apr,
       volume = {364},
       number = {6437},
          eid = {eaaw0422},
        pages = {eaaw0422},
          doi = {10.1126/science.aaw0422},
       adsurl = {https://ui.adsabs.harvard.edu/abs/2019Sci...364..252S},
      adsnote = {Provided by the SAO/NASA Astrophysics Data System}
}



@ARTICLE{2019NaturLauretta,
       author = {{Lauretta}, D.~S. and {Dellagiustina}, D.~N. and {Bennett}, C.~A. and {Golish}, D.~R. and {Becker}, K.~J. and {Balram-Knutson}, S.~S. and {Barnouin}, O.~S. and {Becker}, T.~L. and {Bottke}, W.~F. and {Boynton}, W.~V. and {Campins}, H. and {Clark}, B.~E. and {Connolly}, H.~C. and {Drouet D'Aubigny}, C.~Y. and {Dworkin}, J.~P. and {Emery}, J.~P. and {Enos}, H.~L. and {Hamilton}, V.~E. and {Hergenrother}, C.~W. and {Howell}, E.~S. and {Izawa}, M.~R.~M. and {Kaplan}, H.~H. and {Nolan}, M.~C. and {Rizk}, B. and {Roper}, H.~L. and {Scheeres}, D.~J. and {Smith}, P.~H. and {Walsh}, K.~J. and {Wolner}, C.~W.~V. and {Osiris-Rex Team}},
        title = "{The unexpected surface of asteroid (101955) Bennu}",
      journal = {Nature},
         year = 2019,
        month = mar,
       volume = {568},
       number = {7750},
        pages = {55-60},
          doi = {10.1038/s41586-019-1033-6},
       adsurl = {https://ui.adsabs.harvard.edu/abs/2019Natur.568...55L},
      adsnote = {Provided by the SAO/NASA Astrophysics Data System}
}



@article{muller2017hayabusa,
  title={Hayabusa-2 mission target asteroid 162173 Ryugu (1999 JU3): Searching for the object’s spin-axis orientation},
  author={M{\"u}ller, TG and {\v{D}}urech, J and Ishiguro, Masateru and Mueller, Michael and Kr{\"u}hler, T and Yang, Hao and Kim, M-J and O’Rourke, Laurence and Usui, Fumihiko and Kiss, Casba and others},
  journal={Astronomy \& Astrophysics},
  volume={599},
  pages={A103},
  year={2017},
  publisher={EDP Sciences}
}



@ARTICLE{2014IcarKrohn,
       author = {{Krohn}, K. and {Jaumann}, R. and {Otto}, K. and {Hoogenboom}, T. and {Wagner}, R. and {Buczkowski}, D.~L. and {Garry}, B. and {Williams}, D.~A. and {Yingst}, R.~A. and {Scully}, J. and {De Sanctis}, M.~C. and {Kneissl}, T. and {Schmedemann}, N. and {Kersten}, E. and {Stephan}, K. and {Matz}, K. -D. and {Pieters}, C.~M. and {Preusker}, F. and {Roatsch}, T. and {Schenk}, P. and {Russell}, C.~T. and {Raymond}, C.~A.},
        title = "{Mass movement on Vesta at steep scarps and crater rims}",
      journal = {Icarus},
     keywords = {Asteroid Vesta, Asteroids, surfaces, Geological processes, Impact processes},
         year = 2014,
        month = dec,
       volume = {244},
        pages = {120-132},
          doi = {10.1016/j.icarus.2014.03.013},
       adsurl = {https://ui.adsabs.harvard.edu/abs/2014Icar..244..120K},
      adsnote = {Provided by the SAO/NASA Astrophysics Data System}
}

@ARTICLE{2010IcarDombard,
       author = {{Dombard}, Andrew J. and {Barnouin}, Olivier S. and {Prockter}, Louise M. and {Thomas}, Peter C.},
        title = "{Boulders and ponds on the Asteroid 433 Eros}",
      journal = {Icarus},
         year = 2010,
        month = dec,
       volume = {210},
       number = {2},
        pages = {713-721},
          doi = {10.1016/j.icarus.2010.07.006},
       adsurl = {https://ui.adsabs.harvard.edu/abs/2010Icar..210..713D},
      adsnote = {Provided by the SAO/NASA Astrophysics Data System}
}

@ARTICLE{2008IcarKitazato,
       author = {{Kitazato}, Kohei and {Clark}, Beth E. and {Abe}, Masanao and {Abe}, Shinsuke and {Takagi}, Yasuhiko and {Hiroi}, Takahiro and {Barnouin-Jha}, Olivier S. and {Abell}, Paul A. and {Lederer}, Susan M. and {Vilas}, Faith},
        title = "{Near-infrared spectrophotometry of Asteroid 25143 Itokawa from NIRS on the Hayabusa spacecraft}",
      journal = {Icarus},
         year = 2008,
        month = mar,
       volume = {194},
       number = {1},
        pages = {137-145},
          doi = {10.1016/j.icarus.2007.08.029},
       adsurl = {https://ui.adsabs.harvard.edu/abs/2008Icar..194..137K},
      adsnote = {Provided by the SAO/NASA Astrophysics Data System}
}

@article{rivkin2000nature,
  title="{The nature of M-class asteroids from 3-$\mu$m observations}",
  author={Rivkin, AS and Howell, ES and Lebofsky, LA and Clark, BE and Britt, DT},
  journal={Icarus},
  volume={145},
  number={2},
  pages={351--368},
  year={2000},
  doi = {10.1006/icar.2000.6354},
  publisher={Elsevier}
}

@ARTICLE{2003SciMargot,
       author = {{Margot}, J.~L. and {Brown}, M.~E.},
        title = "{A Low-Density M-type Asteroid in the Main Belt}",
      journal = {Science},
     keywords = {PLANET SCI},
         year = 2003,
        month = jun,
       volume = {300},
       number = {5627},
        pages = {1939-1942},
          doi = {10.1126/science.1085844},
       adsurl = {https://ui.adsabs.harvard.edu/abs/2003Sci...300.1939M},
      adsnote = {Provided by the SAO/NASA Astrophysics Data System}
}



@ARTICLE{2014NatGeAsphaug,
       author = {{Asphaug}, E. and {Reufer}, A.},
        title = "{Mercury and other iron-rich planetary bodies as relics of inefficient accretion}",
      journal = {Nature Geoscience},
         year = 2014,
        month = aug,
       volume = {7},
       number = {8},
        pages = {564-568},
          doi = {10.1038/ngeo2189},
       adsurl = {https://ui.adsabs.harvard.edu/abs/2014NatGe...7..564A},
      adsnote = {Provided by the SAO/NASA Astrophysics Data System}
}



@ARTICLE{1983Eaton,
       author = {{Eaton}, N. and {Green}, S.~F. and {McCheyne}, R.~S. and {Meadows}, A.~J. and {Veeder}, G.~J.},
        title = "{Observations of asteroids in the 3- to 4-{\ensuremath{\mu}}m region}",
      journal = {Icarus},
     keywords = {Absorption Spectra, Asteroids, Infrared Astronomy, Chemical Composition, Reflectance, Spectrum Analysis, ASTEROIDS, OBSERVATIONS, SPECTRA, 1 CERES, 2 PALLAS, 8 FLORA, CATALOG, WAVELENGTHS, S ASTEROIDS, M ASTEROIDS, C ASTEROIDS, ABSORPTION, DATA, CLASSIFICATION, SURFACE, COMPOSITION, PHOTOMETRY, INFRARED, 10 HYGERIA, 15 EUNOMIA, 16 PSYCHE, 22 KALLIOPE, 83 BEATRIX, 433 EROS, 386 SIEGENA, 471 PAPAGENA, REFLECTIVITY, COMPARISONS, Lunar and Planetary Exploration; Asteroids},
         year = 1983,
        month = aug,
       volume = {55},
       number = {2},
        pages = {245-249},
          doi = {10.1016/0019-1035(83)90079-9},
       adsurl = {https://ui.adsabs.harvard.edu/abs/1983Icar...55..245E},
      adsnote = {Provided by the SAO/NASA Astrophysics Data System}
}

@PHDThesis{macke2010survey,
  author={Macke, Robert J},
  title={Survey of meteorite physical properties density, porosity and magnetic susceptibility},
  year={2010},
  school = {University of Central Florida},
  url = {https://stars.library.ucf.edu/cgi/viewcontent.cgi?article=2637&context=etd}
}

@ARTICLE{2013IcarGundlachBlum,
       author = {{Gundlach}, Bastian and {Blum}, J{\"u}rgen},
        title = "{A new method to determine the grain size of planetary regolith}",
      journal = {Icarus},
     keywords = {Astrophysics - Earth and Planetary Astrophysics},
         year = 2013,
        month = mar,
       volume = {223},
       number = {1},
        pages = {479-492},
          doi = {10.1016/j.icarus.2012.11.039},
archivePrefix = {arXiv},
       eprint = {1212.3108},
 primaryClass = {astro-ph.EP},
       adsurl = {https://ui.adsabs.harvard.edu/abs/2013Icar..223..479G},
      adsnote = {Provided by the SAO/NASA Astrophysics Data System}
}

@book{putzig2006thermal,
  title={Thermal inertia and surface heterogeneity on Mars},
  author={Putzig, Nathaniel E},
  year={2006},
  publisher={University of Colorado at Boulder}
}

@ARTICLE{2021NatAsDellaGiustina,
       author = {{DellaGiustina}, D.~N. and {Kaplan}, H.~H. and {Simon}, A.~A. and {Bottke}, W.~F. and {Avdellidou}, C. and {Delbo}, M. and {Ballouz}, R. -L. and {Golish}, D.~R. and {Walsh}, K.~J. and {Popescu}, M. and {Campins}, H. and {Barucci}, M.~A. and {Poggiali}, G. and {Daly}, R.~T. and {Le Corre}, L. and {Hamilton}, V.~E. and {Porter}, N. and {Jawin}, E.~R. and {McCoy}, T.~J. and {Connolly}, H.~C. and {Garcia}, J.~L. Rizos and {Tatsumi}, E. and {de Leon}, J. and {Licandro}, J. and {Fornasier}, S. and {Daly}, M.~G. and {Al Asad}, M.~M. and {Philpott}, L. and {Seabrook}, J. and {Barnouin}, O.~S. and {Clark}, B.~E. and {Nolan}, M.~C. and {Howell}, E.~S. and {Binzel}, R.~P. and {Rizk}, B. and {Reuter}, D.~C. and {Lauretta}, D.~S.},
        title = "{Exogenic basalt on asteroid (101955) Bennu}",
      journal = {Nature Astronomy},
         year = 2021,
        month = jan,
       volume = {5},
        pages = {31-38},
          doi = {10.1038/s41550-020-1195-z},
       adsurl = {https://ui.adsabs.harvard.edu/abs/2021NatAs...5...31D},
      adsnote = {Provided by the SAO/NASA Astrophysics Data System}
}



@ARTICLE{2012IcarReddy,
       author = {{Reddy}, Vishnu and {Le Corre}, Lucille and {O'Brien}, David P. and {Nathues}, Andreas and {Cloutis}, Edward A. and {Durda}, Daniel D. and {Bottke}, William F. and {Bhatt}, Megha U. and {Nesvorny}, David and {Buczkowski}, Debra and {Scully}, Jennifer E.~C. and {Palmer}, Elizabeth M. and {Sierks}, Holger and {Mann}, Paul J. and {Becker}, Kris J. and {Beck}, Andrew W. and {Mittlefehldt}, David and {Li}, Jian-Yang and {Gaskell}, Robert and {Russell}, Christopher T. and {Gaffey}, Michael J. and {McSween}, Harry Y. and {McCord}, Thomas B. and {Combe}, Jean-Philippe and {Blewett}, David},
        title = "{Delivery of dark material to Vesta via carbonaceous chondritic impacts}",
      journal = {Icarus},
     keywords = {Astrophysics - Earth and Planetary Astrophysics, Astrophysics - Solar and Stellar Astrophysics, Physics - Space Physics},
         year = 2012,
        month = nov,
       volume = {221},
       number = {2},
        pages = {544-559},
          doi = {10.1016/j.icarus.2012.08.011},
archivePrefix = {arXiv},
       eprint = {1208.2833},
 primaryClass = {astro-ph.EP},
       adsurl = {https://ui.adsabs.harvard.edu/abs/2012Icar..221..544R},
      adsnote = {Provided by the SAO/NASA Astrophysics Data System}
}

@article{davis1999missing,
  title={The missing Psyche family: Collisionally eroded or never formed?},
  author={Davis, Donald R and Farinella, Paolo and Marzari, Francesco},
  journal={Icarus},
  volume={137},
  number={1},
  pages={140--151},
  year={1999},
  publisher={Elsevier}
}

@ARTICLE{1999MPSHartmann,
       author = {{Hartmann}, William K. and {Farinella}, Paolo and {Vokrouhlick{\'y}}, David and {Weidenschilling}, Stuart J. and {Morbidelli}, Alessandro and {Marzari}, Francesco and {Davis}, Donald R. and {Ryan}, Eileen},
        title = "{Reviewing the Yarkovsky effect: New light on the delivery of stone and iron meteorites from the asteroid belt}",
      journal = {Meteoritics \& Planetary Science},
         year = 1999,
        month = jul,
       volume = {34},
       number = {S4},
        pages = {A161-A167},
          doi = {10.1111/j.1945-5100.1999.tb01761.x},
       adsurl = {https://ui.adsabs.harvard.edu/abs/1999M&PS...34..161H},
      adsnote = {Provided by the SAO/NASA Astrophysics Data System}
}



@ARTICLE{2001MPSScott,
       author = {{Scott}, Edward R.~D. and {Haack}, Henning and {Love}, Stanley G.},
        title = "{Formation of mesosiderites by fragmentation and reaccretion of a large differentiated asteroid}",
      journal = {Meteoritics \& Planetary Science},
         year = 2001,
        month = jul,
       volume = {36},
       number = {6},
        pages = {869-891},
          doi = {10.1111/j.1945-5100.2001.tb01927.x},
       adsurl = {https://ui.adsabs.harvard.edu/abs/2001M&PS...36..869S},
      adsnote = {Provided by the SAO/NASA Astrophysics Data System}
}

@ARTICLE{2013SciWieczorek,
       author = {{Wieczorek}, Mark A. and {Neumann}, Gregory A. and {Nimmo}, Francis and {Kiefer}, Walter S. and {Taylor}, G. Jeffrey and {Melosh}, H. Jay and {Phillips}, Roger J. and {Solomon}, Sean C. and {Andrews-Hanna}, Jeffrey C. and {Asmar}, Sami W. and {Konopliv}, Alexander S. and {Lemoine}, Frank G. and {Smith}, David E. and {Watkins}, Michael M. and {Williams}, James G. and {Zuber}, Maria T.},
        title = "{The Crust of the Moon as Seen by GRAIL}",
      journal = {Science},
     keywords = {PLANET SCI Planetary-Science, Materials-Science, Ecology},
         year = 2013,
        month = feb,
       volume = {339},
       number = {6120},
        pages = {671-675},
          doi = {10.1126/science.1231530},
       adsurl = {https://ui.adsabs.harvard.edu/abs/2013Sci...339..671W},
      adsnote = {Provided by the SAO/NASA Astrophysics Data System}
}





@ARTICLE{2010IcarFornasier,
       author = {{Fornasier}, S. and {Clark}, B.~E. and {Dotto}, E. and {Migliorini}, A. and {Ockert-Bell}, M. and {Barucci}, M.~A.},
        title = "{Spectroscopic survey of M-type asteroids}",
      journal = {Icarus},
     keywords = {Astrophysics - Earth and Planetary Astrophysics},
         year = 2010,
        month = dec,
       volume = {210},
       number = {2},
        pages = {655-673},
          doi = {10.1016/j.icarus.2010.07.001},
archivePrefix = {arXiv},
       eprint = {1007.2582},
 primaryClass = {astro-ph.EP},
       adsurl = {https://ui.adsabs.harvard.edu/abs/2010Icar..210..655F},
      adsnote = {Provided by the SAO/NASA Astrophysics Data System}
}

@article{cambioni2021fine,
  title={Fine-regolith production on asteroids controlled by rock porosity},
  author={Cambioni, S and Delbo, M and Poggiali, G and Avdellidou, C and Ryan, AJ and Deshapriya, JDP and Asphaug, E and Ballouz, R-L and Barucci, MA and Bennett, CA and others},
  journal={Nature},
  volume={598},
  number={7879},
  pages={49--52},
  year={2021},
  publisher={Nature Publishing Group},
  doi = {https://doi.org/10.1038/s41586-021-03816-5}
}

@article{weiss2013differentiated,
  title={Differentiated planetesimals and the parent bodies of chondrites},
  author={Weiss, Benjamin P and Elkins-Tanton, Linda T},
  journal={Annual Review of Earth and Planetary Sciences},
  volume={41},
  pages={529--560},
  year={2013},
  doi = {10.1146/annurev-earth-040610-133520},
  publisher={Annual Reviews}
}

@ARTICLE{2002SoSyRBusarev,
       author = {{Busarev}, V.~V.},
        title = "{Hydrated Silicates on M-, S-, and E-Type Asteroids as Possible Traces of Collisions with Bodies from the Jupiter Growth Zone}",
      journal = {Solar System Research},
         year = 2002,
        month = jan,
       volume = {36},
       number = {1},
        pages = {35-42},
       adsurl = {https://ui.adsabs.harvard.edu/abs/2002SoSyR..36...35B},
      adsnote = {Provided by the SAO/NASA Astrophysics Data System}
}



@ARTICLE{2014GeoRLCapria,
       author = {{Capria}, M.~T. and {Tosi}, F. and {De Sanctis}, M.~C. and {Capaccioni}, F. and {Ammannito}, E. and {Frigeri}, A. and {Zambon}, F. and {Fonte}, S. and {Palomba}, E. and {Turrini}, D. and {Titus}, T.~N. and {Schr{\"o}der}, S.~E. and {Toplis}, M. and {Li}, J. -Y. and {Combe}, J. -P. and {Raymond}, C.~A. and {Russell}, C.~T.},
        title = "{Vesta surface thermal properties map}",
      journal = {Geophysical Research Letters},
     keywords = {Vesta, Vesta thermal inertia, thermal properties, Vesta surface},
         year = 2014,
        month = mar,
       volume = {41},
       number = {5},
        pages = {1438-1443},
          doi = {10.1002/2013GL059026},
       adsurl = {https://ui.adsabs.harvard.edu/abs/2014GeoRL..41.1438C},
      adsnote = {Provided by the SAO/NASA Astrophysics Data System}
}

@ARTICLE{2015IcarLandsman,
       author = {{Landsman}, Zoe A. and {Campins}, Humberto and {Pinilla-Alonso}, Noem{\'\i} and {Hanu{\v{s}}}, Josef and {Lorenzi}, Vania},
        title = "{A new investigation of hydration in the M-type asteroids}",
      journal = {Icarus},
     keywords = {Asteroids, composition, Asteroids, surfaces, Infrared observations, Spectroscopy},
         year = 2015,
        month = may,
       volume = {252},
        pages = {186-198},
          doi = {10.1016/j.icarus.2015.01.021},
       adsurl = {https://ui.adsabs.harvard.edu/abs/2015Icar..252..186L},
      adsnote = {Provided by the SAO/NASA Astrophysics Data System}
}



@ARTICLE{2011MHardersen,
       author = {{Hardersen}, Paul S. and {Cloutis}, Edward A. and {Reddy}, Vishnu and {Moth{\'e}-Diniz}, Thais and {Emery}, Joshua P.},
        title = "{The M-/X-asteroid menagerie: Results of an NIR spectral survey of 45 main-belt asteroids}",
      journal = {Meteoritics \& Planetary Science},
         year = 2011,
        month = dec,
       volume = {46},
       number = {12},
        pages = {1910-1938},
          doi = {10.1111/j.1945-5100.2011.01304.x},
       adsurl = {https://ui.adsabs.harvard.edu/abs/2011M&PS...46.1910H},
      adsnote = {Provided by the SAO/NASA Astrophysics Data System}
}


@ARTICLE{2006SciYano,
       author = {{Yano}, Hajime and {Kubota}, T. and {Miyamoto}, H. and {Okada}, T. and {Scheeres}, D. and {Takagi}, Y. and {Yoshida}, K. and {Abe}, M. and {Abe}, S. and {Barnouin-Jha}, O. and {Fujiwara}, A. and {Hasegawa}, S. and {Hashimoto}, T. and {Ishiguro}, M. and {Kato}, M. and {Kawaguchi}, J. and {Mukai}, T. and {Saito}, J. and {Sasaki}, S. and {Yoshikawa}, M.},
        title = "{Touchdown of the Hayabusa Spacecraft at the Muses Sea on Itokawa}",
      journal = {Science},
     keywords = {PLANET SCI},
         year = 2006,
        month = jun,
       volume = {312},
       number = {5778},
        pages = {1350-1353},
          doi = {10.1126/science.1126164},
       adsurl = {https://ui.adsabs.harvard.edu/abs/2006Sci...312.1350Y},
      adsnote = {Provided by the SAO/NASA Astrophysics Data System}
}



@ARTICLE{2007SciMiyamoto,
       author = {{Miyamoto}, Hideaki and {Yano}, Hajime and {Scheeres}, Daniel J. and {Abe}, Shinsuke and {Barnouin-Jha}, Olivier and {Cheng}, Andrew F. and {Demura}, Hirohide and {Gaskell}, Robert W. and {Hirata}, Naru and {Ishiguro}, Masateru and {Michikami}, Tatsuhiro and {Nakamura}, Akiko M. and {Nakamura}, Ryosuke and {Saito}, Jun and {Sasaki}, Sho},
        title = "{Regolith Migration and Sorting on Asteroid Itokawa}",
      journal = {Science},
     keywords = {Planet Sci},
         year = 2007,
        month = may,
       volume = {316},
       number = {5827},
        pages = {1011},
          doi = {10.1126/science.1134390},
       adsurl = {https://ui.adsabs.harvard.edu/abs/2007Sci...316.1011M},
      adsnote = {Provided by the SAO/NASA Astrophysics Data System}
}

@ARTICLE{2004AJ....128.3070C,
       author = {{Clark}, B.~E. and {Bus}, S.~J. and {Rivkin}, A.~S. and {Shepard}, M.~K. and {Shah}, S.},
        title = "{Spectroscopy of X-Type Asteroids}",
      journal = {Astronomical Journal},
     keywords = {Minor Planets, Asteroids, Techniques: Spectroscopic},
         year = 2004,
        month = dec,
       volume = {128},
       number = {6},
        pages = {3070-3081},
          doi = {10.1086/424856},
       adsurl = {https://ui.adsabs.harvard.edu/abs/2004AJ....128.3070C},
      adsnote = {Provided by the SAO/NASA Astrophysics Data System}
}

@ARTICLE{2017MNRASRozitis,
       author = {{Rozitis}, B.},
        title = "{The surface roughness of (433) Eros as measured by thermal-infrared beaming}",
      journal = {Monthly Notices of the Royal Astronomical Society},
     keywords = {radiation mechanisms: thermal - methods: numerical - minor planets, asteroids: individual: (433) Eros},
         year = 2017,
        month = jan,
       volume = {464},
       number = {1},
        pages = {915-923},
          doi = {10.1093/mnras/stw2400},
       adsurl = {https://ui.adsabs.harvard.edu/abs/2017MNRAS.464..915R},
      adsnote = {Provided by the SAO/NASA Astrophysics Data System}
}

@ARTICLE{2021AAMarchis,
       author = {{Marchis}, F. and {Jorda}, L. and {Vernazza}, P. and {Bro{\v{z}}}, M. and {Hanu{\v{s}}}, J. and {Ferrais}, M. and {Vachier}, F. and {Rambaux}, N. and {Marsset}, M. and {Viikinkoski}, M. and {Jehin}, E. and {Benseguane}, S. and {Podlewska-Gaca}, E. and {Carry}, B. and {Drouard}, A. and {Fauvaud}, S. and {Birlan}, M. and {Berthier}, J. and {Bartczak}, P. and {Dumas}, C. and {Dudzi{\'n}ski}, G. and {{\v{D}}urech}, J. and {Castillo-Rogez}, J. and {Cipriani}, F. and {Colas}, F. and {Fetick}, R. and {Fusco}, T. and {Grice}, J. and {Kryszczynska}, A. and {Lamy}, P. and {Marciniak}, A. and {Michalowski}, T. and {Michel}, P. and {Pajuelo}, M. and {Santana-Ros}, T. and {Tanga}, P. and {Vigan}, A. and {Witasse}, O. and {Yang}, B.},
        title = "{(216) Kleopatra, a low density critically rotating M-type asteroid}",
      journal = {Astronomy and Astrophysics},
     keywords = {techniques: high angular resolution, minor planets, asteroids: individual: 216 Kleopatra, Astrophysics - Earth and Planetary Astrophysics},
         year = 2021,
        month = sep,
       volume = {653},
          eid = {A57},
        pages = {A57},
          doi = {10.1051/0004-6361/202140874},
archivePrefix = {arXiv},
       eprint = {2108.07207},
 primaryClass = {astro-ph.EP},
       adsurl = {https://ui.adsabs.harvard.edu/abs/2021A&A...653A..57M},
      adsnote = {Provided by the SAO/NASA Astrophysics Data System}
}



@ARTICLE{1986IcarZimbelman,
       author = {{Zimbelman}, J.~R.},
        title = "{The role of porosity in thermal inertia variations on basaltic lavas}",
      journal = {Icarus},
     keywords = {Basalt, Lava, Mars Volcanoes, Porosity, Inertia, Specific Heat, Thermal Conductivity, MARS, POROSITY, THERMAL PROPERTIES, INERTIA, BASALT, SHIELD VOLCANOES, LAVA FLOWS, EOLIAN PROCESSES, ORIGIN, FORMATION, COMPARISONS, DENSITY, CONDUCTIVITY, VESICLES, GLASSES, OLIVINE, SAMPLES, TERRESTRIAL, WEATHERING, LABORATORY STUDIES, PHYSICAL PROPERTIES, HYPOTHESES, Lunar and Planetary Exploration; Mars},
         year = 1986,
        month = nov,
       volume = {68},
       number = {2},
        pages = {366-369},
          doi = {10.1016/0019-1035(86)90028-X},
       adsurl = {https://ui.adsabs.harvard.edu/abs/1986Icar...68..366Z},
      adsnote = {Provided by the SAO/NASA Astrophysics Data System}
}



@ARTICLE{2007AABirlan,
       author = {{Birlan}, M. and {Vernazza}, P. and {Nedelcu}, D.~A.},
        title = "{Spectral properties of nine M-type asteroids}",
      journal = {Astronomy and Astrophysics},
     keywords = {minor planets, asteroids},
         year = 2007,
        month = nov,
       volume = {475},
       number = {2},
        pages = {747-754},
          doi = {10.1051/0004-6361:20077914},
       adsurl = {https://ui.adsabs.harvard.edu/abs/2007A&A...475..747B},
      adsnote = {Provided by the SAO/NASA Astrophysics Data System}
}



@book{elkins2017planetesimals,
  title={Planetesimals: early differentiation and consequences for planets},
  author={Elkins-Tanton, Linda T and Weiss, Benjamin P},
  volume={16},
  year={2017},
  publisher={Cambridge University Press}
}

@ARTICLE{1998JGRSunshine,
       author = {{Sunshine}, Jessica M. and {Pieters}, Carl{\'e} M.},
        title = "{Determining the composition of olivine from reflectance spectroscopy}",
      journal = {Journal of Geophysical Research},
     keywords = {Planetology: Solid Surface Planets: Remote sensing, Planetology: Solar System Objects: Asteroids and meteoroids, Mineralogy and Petrology: Major element composition, Planetology: Solid Surface Planets: Composition},
         year = 1998,
        month = jun,
       volume = {103},
       number = {E6},
        pages = {13675-13688},
          doi = {10.1029/98JE01217},
       adsurl = {https://ui.adsabs.harvard.edu/abs/1998JGR...10313675S},
      adsnote = {Provided by the SAO/NASA Astrophysics Data System}
}



@INPROCEEDINGS{2013LPIElkins,
       author = {{Elkins-Tanton}, L.~T. and {Weiss}, B.~P. and {Asphaug}, E. and {Bottke}, W.~F. and {Binzel}, R. and {Wenkert}, D.~D.},
        title = "{Differentiation in Planetesimals with Applications to Asteroid (16) Psyche}",
    booktitle = {Lunar and Planetary Science Conference},
         year = 2013,
       series = {Lunar and Planetary Science Conference},
        month = mar,
        pages = {1351},
       adsurl = {https://ui.adsabs.harvard.edu/abs/2013LPI....44.1351E},
      adsnote = {Provided by the SAO/NASA Astrophysics Data System}
}

@ARTICLE{2004AJClark,
       author = {{Clark}, B.~E. and {Bus}, S.~J. and {Rivkin}, A.~S. and {Shepard}, M.~K. and {Shah}, S.},
        title = "{Spectroscopy of X-Type Asteroids}",
      journal = {Astronomical Journal},
     keywords = {Minor Planets, Asteroids, Techniques: Spectroscopic},
         year = {2004},
        month = {dec},
       volume = {128},
       number = {6},
        pages = {3070-3081},
          doi = {10.1086/424856},
       adsurl = {https://ui.adsabs.harvard.edu/abs/2004AJ....128.3070C},
      adsnote = {Provided by the SAO/NASA Astrophysics Data System}
}

@ARTICLE{2014NaturClenet,
       author = {{Clenet}, Harold and {Jutzi}, Martin and {Barrat}, Jean-Alix and {Asphaug}, Erik I. and {Benz}, Willy and {Gillet}, Philippe},
        title = "{A deep crust-mantle boundary in the asteroid 4 Vesta}",
      journal = {Nature},
         year = 2014,
        month = jul,
       volume = {511},
       number = {7509},
        pages = {303-306},
          doi = {10.1038/nature13499},
       adsurl = {https://ui.adsabs.harvard.edu/abs/2014Natur.511..303C},
      adsnote = {Provided by the SAO/NASA Astrophysics Data System}
}

@ARTICLE{2009IcarMorbidelli,
       author = {{Morbidelli}, Alessandro and {Bottke}, William F. and {Nesvorn{\'y}}, David and {Levison}, Harold F.},
        title = "{Asteroids were born big}",
      journal = {Icarus},
     keywords = {Astrophysics - Earth and Planetary Astrophysics},
         year = 2009,
        month = dec,
       volume = {204},
       number = {2},
        pages = {558-573},
          doi = {10.1016/j.icarus.2009.07.011},
archivePrefix = {arXiv},
       eprint = {0907.2512},
 primaryClass = {astro-ph.EP},
       adsurl = {https://ui.adsabs.harvard.edu/abs/2009Icar..204..558M},
      adsnote = {Provided by the SAO/NASA Astrophysics Data System}
}

@ARTICLE{2005IcarBottke,
       author = {{Bottke}, William F. and {Durda}, Daniel D. and {Nesvorn{\'y}}, David and {Jedicke}, Robert and {Morbidelli}, Alessandro and {Vokrouhlick{\'y}}, David and {Levison}, Harold F.},
        title = "{Linking the collisional history of the main asteroid belt to its dynamical excitation and depletion}",
      journal = {Icarus},
         year = 2005,
        month = dec,
       volume = {179},
       number = {1},
        pages = {63-94},
          doi = {10.1016/j.icarus.2005.05.017},
       adsurl = {https://ui.adsabs.harvard.edu/abs/2005Icar..179...63B},
      adsnote = {Provided by the SAO/NASA Astrophysics Data System}
}

@ARTICLE{2005IcarHardersen,
       author = {{Hardersen}, Paul S. and {Gaffey}, Michael J. and {Abell}, Paul A.},
        title = "{Near-IR spectral evidence for the presence of iron-poor orthopyroxenes on the surfaces of six M-type asteroids}",
      journal = {Icarus},
         year = 2005,
        month = may,
       volume = {175},
       number = {1},
        pages = {141-158},
          doi = {10.1016/j.icarus.2004.10.017},
       adsurl = {https://ui.adsabs.harvard.edu/abs/2005Icar..175..141H},
      adsnote = {Provided by the SAO/NASA Astrophysics Data System}
}



@ARTICLE{landsman2018,
       author = {{Landsman}, Zoe A. and {Emery}, Joshua P. and {Campins}, Humberto and {Hanu{\v{s}}}, Josef and {Lim}, Lucy F. and {Cruikshank}, Dale P.},
        title = "{Asteroid (16) Psyche: Evidence for a silicate regolith from spitzer space telescope spectroscopy}",
      journal = {Icarus},
     keywords = {Asteroids, Asteroids, composition, Asteroids, surfaces, Infrared observations, Mineralogy, Spectroscopy},
         year = {2018},
        month = apr,
       volume = {304},
        pages = {58-73},
          doi = {10.1016/j.icarus.2017.11.035},
       adsurl = {https://ui.adsabs.harvard.edu/abs/2018Icar..304...58L},
      adsnote = {Provided by the SAO/NASA Astrophysics Data System}
}

@ARTICLE{1949AuSRAPiddington,
       author = {{Piddington}, J.~H. and {Minnett}, H.~C.},
        title = "{Microwave Thermal Radiation from the Moon}",
      journal = {Australian Journal of Scientific Research A Physical Sciences},
         year = 1949,
        month = mar,
       volume = {2},
        pages = {63},
          doi = {10.1071/CH9490063},
       adsurl = {https://ui.adsabs.harvard.edu/abs/1949AuSRA...2...63P},
      adsnote = {Provided by the SAO/NASA Astrophysics Data System}
}

@ARTICLE{1972PrAAMuhleman,
       author = {{Muhleman}, D.~O.},
        title = "{Microwave emission from the moon.}",
      journal = {Progress in Astronautics and Aeronautics},
         year = 1972,
        month = jan,
       volume = {28},
        pages = {51-81},
       adsurl = {https://ui.adsabs.harvard.edu/abs/1972PrAA...28...51M},
      adsnote = {Provided by the SAO/NASA Astrophysics Data System}
}

@ARTICLE{1974MoonUlich,
       author = {{Ulich}, Bobby L. and {Cogdell}, John R. and {Davis}, John H. and {Calvert}, Ted A.},
        title = "{Observations and Analysis of Lunar Radio Emission at 3.09 mm Wavelength}",
      journal = {Moon},
         year = 1974,
        month = jun,
       volume = {10},
       number = {2},
        pages = {163-174},
          doi = {10.1007/BF00655717},
       adsurl = {https://ui.adsabs.harvard.edu/abs/1974Moon...10..163U},
      adsnote = {Provided by the SAO/NASA Astrophysics Data System}
}

@ARTICLE{1994AAAltenhoff,
       author = {{Altenhoff}, W.~J. and {Johnston}, K.~J. and {Stumpff}, P. and {Webster}, W.~J.},
        title = "{Millimeter-wavelength observations of minor planets.}",
      journal = {Astronomy and Astrophysics},
     keywords = {Asteroids, Extraterrestrial Radio Waves, Millimeter Waves, Radio Astronomy, Radio Observation, Solar System, Area, Bolometers, Calibrating, Diameters, Emissivity, Mars (Planet), Astronomy, RADIATION MECHANISMS: THERMAL, MINOR PLANETS, ASTEROIDS, PLANETS AND SATELLITES: INDIVIDUAL: MARS, RADIO CONTINUUM: SOLAR SYSTEM},
         year = 1994,
        month = jul,
       volume = {287},
        pages = {641-646},
       adsurl = {https://ui.adsabs.harvard.edu/abs/1994A&A...287..641A},
      adsnote = {Provided by the SAO/NASA Astrophysics Data System}
}

@ARTICLE{2009SciPieters,
       author = {{Pieters}, C.~M. and {Goswami}, J.~N. and {Clark}, R.~N. and {Annadurai}, M. and {Boardman}, J. and {Buratti}, B. and {Combe}, J. -P. and {Dyar}, M.~D. and {Green}, R. and {Head}, J.~W. and {Hibbitts}, C. and {Hicks}, M. and {Isaacson}, P. and {Klima}, R. and {Kramer}, G. and {Kumar}, S. and {Livo}, E. and {Lundeen}, S. and {Malaret}, E. and {McCord}, T. and {Mustard}, J. and {Nettles}, J. and {Petro}, N. and {Runyon}, C. and {Staid}, M. and {Sunshine}, J. and {Taylor}, L.~A. and {Tompkins}, S. and {Varanasi}, P.},
        title = "{Character and Spatial Distribution of OH/H$_{2}$O on the Surface of the Moon Seen by M$^{3}$ on Chandrayaan-1}",
      journal = {Science},
     keywords = {PLANET SCI},
         year = 2009,
        month = oct,
       volume = {326},
       number = {5952},
        pages = {568},
          doi = {10.1126/science.1178658},
       adsurl = {https://ui.adsabs.harvard.edu/abs/2009Sci...326..568P},
      adsnote = {Provided by the SAO/NASA Astrophysics Data System}
}



@ARTICLE{2009SciSunshine,
       author = {{Sunshine}, Jessica M. and {Farnham}, Tony L. and {Feaga}, Lori M. and {Groussin}, Olivier and {Merlin}, Fr{\'e}d{\'e}ric and {Milliken}, Ralph E. and {A'Hearn}, Michael F.},
        title = "{Temporal and Spatial Variability of Lunar Hydration As Observed by the Deep Impact Spacecraft}",
      journal = {Science},
     keywords = {PLANET SCI},
         year = 2009,
        month = oct,
       volume = {326},
       number = {5952},
        pages = {565},
          doi = {10.1126/science.1179788},
       adsurl = {https://ui.adsabs.harvard.edu/abs/2009Sci...326..565S},
      adsnote = {Provided by the SAO/NASA Astrophysics Data System}
}



@ARTICLE{2009SciClark,
       author = {{Clark}, Roger N.},
        title = "{Detection of Adsorbed Water and Hydroxyl on the Moon}",
      journal = {Science},
     keywords = {PLANET SCI},
         year = 2009,
        month = oct,
       volume = {326},
       number = {5952},
        pages = {562},
          doi = {10.1126/science.1178105},
       adsurl = {https://ui.adsabs.harvard.edu/abs/2009Sci...326..562C},
      adsnote = {Provided by the SAO/NASA Astrophysics Data System}
}



@ARTICLE{2022SSRvElkinsTanton,
       author = {{Elkins-Tanton}, Linda T. and {Asphaug}, Erik and {Bell}, James F. and {Bierson}, Carver J. and {Bills}, Bruce G. and {Bottke}, William F. and {Courville}, Samuel W. and {Dibb}, Steven D. and {Jun}, Insoo and {Lawrence}, David J. and {Marchi}, Simone and {McCoy}, Timothy J. and {Merayo}, Jose M.~G. and {Oran}, Rona and {O'Rourke}, Joseph G. and {Park}, Ryan S. and {Peplowski}, Patrick N. and {Prettyman}, Thomas H. and {Raymond}, Carol A. and {Weiss}, Benjamin P. and {Wieczorek}, Mark A. and {Zuber}, Maria T.},
        title = "{Distinguishing the Origin of Asteroid (16) Psyche}",
      journal = {Space Science Reviews},
     keywords = {Asteroid, Psyche, Space exploration, Planetesimal, Meteorite},
         year = 2022,
        month = apr,
       volume = {218},
       number = {3},
          eid = {17},
        pages = {17},
          doi = {10.1007/s11214-022-00880-9},
       adsurl = {https://ui.adsabs.harvard.edu/abs/2022SSRv..218...17E},
      adsnote = {Provided by the SAO/NASA Astrophysics Data System}
}



@INPROCEEDINGS{2021BAASKleer,
       author = {{de Kleer}, Katherine and {Butler}, Bryan and {Cordiner}, Martin and {de Pater}, Imke and {Gurwell}, Mark and {Lazio}, Joseph and {Milam}, Stefanie and {Moeckel}, Chris and {Moullet}, Arielle and {Murphy}, Eric and {Sault}, Robert and {Tollefson}, Joshua and {Trumbo}, Samantha},
        title = "{Mapping satellite surfaces and atmospheres with ground-based radio interferometry}",
    booktitle = {Bulletin of the American Astronomical Society},
         year = 2021,
       volume = {53},
        month = may,
          eid = {252},
        pages = {252},
          doi = {10.3847/25c2cfeb.5e44dbf2},
       adsurl = {https://ui.adsabs.harvard.edu/abs/2021BAAS...53d.252D},
      adsnote = {Provided by the SAO/NASA Astrophysics Data System}
}



@INPROCEEDINGS{2016almaMoullet,
       author = {{Moullet}, Arielle},
        title = "{Solar System Science with ALMA}",
    booktitle = {Proceedings of the 2016 ALMA Conference},
         year = 2016,
        month = sep,
          eid = {3},
        pages = {3},
       adsurl = {https://ui.adsabs.harvard.edu/abs/2016alma.confE...3M},
      adsnote = {Provided by the SAO/NASA Astrophysics Data System}
}



@ARTICLE{2020AJLi,
       author = {{Li}, Jian-Yang and {Moullet}, Arielle and {Titus}, Timothy N. and {Hsieh}, Henry H. and {Sykes}, Mark V.},
        title = "{Disk-integrated Thermal Properties of Ceres Measured at Millimeter Wavelengths}",
      journal = {Astronomical Journal},
     keywords = {219, 2036, 1469, 72, Astrophysics - Earth and Planetary Astrophysics},
         year = 2020,
        month = may,
       volume = {159},
       number = {5},
          eid = {215},
        pages = {215},
          doi = {10.3847/1538-3881/ab8305},
archivePrefix = {arXiv},
       eprint = {2003.11045},
 primaryClass = {astro-ph.EP},
       adsurl = {https://ui.adsabs.harvard.edu/abs/2020AJ....159..215L},
      adsnote = {Provided by the SAO/NASA Astrophysics Data System}
}




@ARTICLE{1989PASPWebster,
       author = {{Webster}, William J., Jr. and {Johnston}, Kenneth J.},
        title = "{On the Wavelength Dependence of Apparent Emissivity of Asteroid Microwave Emissions: Ceres and Vesta}",
      journal = {Publications of the Astronomical Society of the Pacific},
     keywords = {Astronomical Photometry, Ceres Asteroid, Emissivity, Microwave Emission, Vesta Asteroid, Wavelengths, Dielectric Properties, Infrared Spectra, Signal To Noise Ratios, Surface Properties, Lunar and Planetary Exploration, ASTEROIDS},
         year = 1989,
        month = jan,
       volume = {101},
        pages = {122},
          doi = {10.1086/132410},
       adsurl = {https://ui.adsabs.harvard.edu/abs/1989PASP..101..122W},
      adsnote = {Provided by the SAO/NASA Astrophysics Data System}
}



@ARTICLE{1988AJWebster,
       author = {{Webster}, W.~J. and {Johnston}, K.~J. and {Hobbs}, R.~W. and {Lamphear}, E.~S. and {Wade}, C.~M. and {Lowman}, P.~D. and {Kaplan}, G.~H. and {Seidelmann}, P.~K.},
        title = "{The Microwave Spectrum of the Asteroid Ceres}",
      journal = {Astronomical Journal},
     keywords = {Ceres Asteroid, Microwave Spectra, Remote Sensing, Very Large Array (Vla), Astronomical Maps, Regolith, ASTEROIDS, MICROWAVE METHODS, SPECTRA, CERES, EARTH-BASED OBSERVATIONS, WAVELENGTHS, FLUX, DENSITY, STATISTICAL ANALYSIS, COMPARISONS, SURFACE, STRUCTURE, COMPOSITION, ASTRONOMY, BRIGHTNESS TEMPERATURE, TECHNIQUES, THERMAL PROPERTIES, ELECTRICAL PROPERTIES, Astrophysics; Asteroids, ASTEROIDS},
         year = 1988,
        month = apr,
       volume = {95},
        pages = {1263},
          doi = {10.1086/114722},
       adsurl = {https://ui.adsabs.harvard.edu/abs/1988AJ.....95.1263W},
      adsnote = {Provided by the SAO/NASA Astrophysics Data System}
}



@ARTICLE{2019IcarZheng,
       author = {{Zheng}, Yong-Chun and {Chan}, Kwing Lam and {Tsang}, Ken T. and {Zhu}, Yong-Chao and {Hu}, Guo Ping and {Blewett}, David T. and {Neish}, Catherine},
        title = "{Analysis of Chang'E-2 brightness temperature data and production of high spatial resolution microwave maps of the Moon}",
      journal = {Icarus},
     keywords = {Moon, Chang'E-2, Microwave brightness temperature, Loss tangent, Regolith structure},
         year = 2019,
        month = feb,
       volume = {319},
        pages = {627-644},
          doi = {10.1016/j.icarus.2018.09.036},
       adsurl = {https://ui.adsabs.harvard.edu/abs/2019Icar..319..627Z},
      adsnote = {Provided by the SAO/NASA Astrophysics Data System}
}

@ARTICLE{2011ApJMasiero,
       author = {{Masiero}, Joseph R. and {Mainzer}, A.~K. and {Grav}, T. and {Bauer}, J.~M. and {Cutri}, R.~M. and {Dailey}, J. and {Eisenhardt}, P.~R.~M. and {McMillan}, R.~S. and {Spahr}, T.~B. and {Skrutskie}, M.~F. and {Tholen}, D. and {Walker}, R.~G. and {Wright}, E.~L. and {DeBaun}, E. and {Elsbury}, D. and {Gautier}, T., IV and {Gomillion}, S. and {Wilkins}, A.},
        title = "{Main Belt Asteroids with WISE/NEOWISE. I. Preliminary Albedos and Diameters}",
      journal = {The Astrophysical Journal},
     keywords = {infrared: general, minor planets, asteroids: general, Astrophysics - Earth and Planetary Astrophysics},
         year = 2011,
        month = nov,
       volume = {741},
       number = {2},
          eid = {68},
        pages = {68},
          doi = {10.1088/0004-637X/741/2/68},
archivePrefix = {arXiv},
       eprint = {1109.4096}
}

@ARTICLE{2012ApJMasiero,
       author = {{Masiero}, Joseph R. and {Mainzer}, A.~K. and {Grav}, T. and {Bauer}, J.~M. and {Cutri}, R.~M. and {Nugent}, C. and {Cabrera}, M.~S.},
        title = "{Preliminary Analysis of WISE/NEOWISE 3-Band Cryogenic and Post-cryogenic Observations of Main Belt Asteroids}",
      journal = {The Astrophysical Journal Letters},
     keywords = {minor planets, asteroids: general, Astrophysics - Earth and Planetary Astrophysics},
         year = 2012,
        month = nov,
       volume = {759},
       number = {1},
          eid = {L8},
        pages = {L8},
          doi = {10.1088/2041-8205/759/1/L8},
archivePrefix = {arXiv},
       eprint = {1209.5794},
 primaryClass = {astro-ph.EP},
       adsurl = {https://ui.adsabs.harvard.edu/abs/2012ApJ...759L...8M},
      adsnote = {Provided by the SAO/NASA Astrophysics Data System}
}

@ARTICLE{2014ApJMasiero,
       author = {{Masiero}, Joseph R. and {Grav}, T. and {Mainzer}, A.~K. and {Nugent}, C.~R. and {Bauer}, J.~M. and {Stevenson}, R. and {Sonnett}, S.},
        title = "{Main-belt Asteroids with WISE/NEOWISE: Near-infrared Albedos}",
      journal = {The Astrophysical Journal},
     keywords = {minor planets, asteroids: general, Astrophysics - Earth and Planetary Astrophysics},
         year = 2014,
        month = aug,
       volume = {791},
       number = {2},
          eid = {121},
        pages = {121},
          doi = {10.1088/0004-637X/791/2/121},
archivePrefix = {arXiv},
       eprint = {1406.6645},
 primaryClass = {astro-ph.EP},
       adsurl = {https://ui.adsabs.harvard.edu/abs/2014ApJ...791..121M},
      adsnote = {Provided by the SAO/NASA Astrophysics Data System}
}

@ARTICLE{2021PSJMasiero,
       author = {{Masiero}, Joseph R. and {Mainzer}, A.~K. and {Bauer}, J.~M. and {Cutri}, R.~M. and {Grav}, T. and {Kramer}, E. and {Pittichov{\'a}}, J. and {Wright}, E.~L.},
        title = "{Asteroid Diameters and Albedos from NEOWISE Reactivation Mission Years Six and Seven}",
      journal = {The Planetary Science Journal},
     keywords = {Asteroids, Near-Earth objects, Infrared astronomy, 72, 1092, 786, Astrophysics - Earth and Planetary Astrophysics},
         year = 2021,
        month = aug,
       volume = {2},
       number = {4},
          eid = {162},
        pages = {162},
          doi = {10.3847/PSJ/ac15fb},
archivePrefix = {arXiv},
       eprint = {2107.07481},
 primaryClass = {astro-ph.EP},
       adsurl = {https://ui.adsabs.harvard.edu/abs/2021PSJ.....2..162M},
      adsnote = {Provided by the SAO/NASA Astrophysics Data System}
}

@ARTICLE{2011SciSierks,
       author = {{Sierks}, H. and {Lamy}, P. and {Barbieri}, C. and {Koschny}, D. and {Rickman}, H. and {Rodrigo}, R. and {A'Hearn}, M.~F. and {Angrilli}, F. and {Barucci}, M.~A. and {Bertaux}, J. -L. and {Bertini}, I. and {Besse}, S. and {Carry}, B. and {Cremonese}, G. and {Da Deppo}, V. and {Davidsson}, B. and {Debei}, S. and {De Cecco}, M. and {De Leon}, J. and {Ferri}, F. and {Fornasier}, S. and {Fulle}, M. and {Hviid}, S.~F. and {Gaskell}, R.~W. and {Groussin}, O. and {Gutierrez}, P. and {Ip}, W. and {Jorda}, L. and {Kaasalainen}, M. and {Keller}, H.~U. and {Knollenberg}, J. and {Kramm}, R. and {K{\"u}hrt}, E. and {K{\"u}ppers}, M. and {Lara}, L. and {Lazzarin}, M. and {Leyrat}, C. and {Moreno}, J.~J. Lopez and {Magrin}, S. and {Marchi}, S. and {Marzari}, F. and {Massironi}, M. and {Michalik}, H. and {Moissl}, R. and {Naletto}, G. and {Preusker}, F. and {Sabau}, L. and {Sabolo}, W. and {Scholten}, F. and {Snodgrass}, C. and {Thomas}, N. and {Tubiana}, C. and {Vernazza}, P. and {Vincent}, J. -B. and {Wenzel}, K. -P. and {Andert}, T. and {P{\"a}tzold}, M. and {Weiss}, B.~P.},
        title = "{Images of Asteroid 21 Lutetia: A Remnant Planetesimal from the Early Solar System}",
      journal = {Science},
     keywords = {PLANET SCI},
         year = 2011,
        month = oct,
       volume = {334},
       number = {6055},
        pages = {487},
          doi = {10.1126/science.1207325},
       adsurl = {https://ui.adsabs.harvard.edu/abs/2011Sci...334..487S},
      adsnote = {Provided by the SAO/NASA Astrophysics Data System}
}

@ARTICLE{2018AALagoa,
       author = {{Al{\'\i}-Lagoa}, V. and {M{\"u}ller}, T.~G. and {Usui}, F. and {Hasegawa}, S.},
        title = "{The AKARI IRC asteroid flux catalogue: updated diameters and albedos}",
      journal = {Astronomy and Astrophysics},
     keywords = {minor planets, asteroids: general, catalogs, Astrophysics - Earth and Planetary Astrophysics},
         year = 2018,
        month = may,
       volume = {612},
          eid = {A85},
        pages = {A85},
          doi = {10.1051/0004-6361/201731806},
archivePrefix = {arXiv},
       eprint = {1712.07496},
 primaryClass = {astro-ph.EP},
       adsurl = {https://ui.adsabs.harvard.edu/abs/2018A&A...612A..85A},
      adsnote = {Provided by the SAO/NASA Astrophysics Data System}
}

@ARTICLE{2019PDSSMainzer,
       author = {{Mainzer}, Amy K. and {Bauer}, James M. and {Cutri}, Roc M. and {Grav}, Tommy and {Kramer}, Emily A. and {Masiero}, Joseph R. and {Sonnett}, Sarah and {Wright}, Edward L.},
        title = "{NEOWISE Diameters and Albedos V2.0}",
      journal = {NASA Planetary Data System},
     keywords = {Near-Earth objects, Main belt asteroids, Main-belt comets, Hilda group, Jupiter trojans, Centaurs, Jovian satellites},
         year = 2019,
        month = jan,
          doi = {10.26033/18S3-2Z54},
       adsurl = {https://ui.adsabs.harvard.edu/abs/2019PDSS..251.....M},
      adsnote = {Provided by the SAO/NASA Astrophysics Data System}
}



