@ARTICLE{2005PASP..117.1204P,
       author = {{Patterson}, Joseph and {Kemp}, Jonathan and {Harvey}, David A. and {Fried}, Robert E. and {Rea}, Robert and {Monard}, Berto and {Cook}, Lewis M. and {Skillman}, David R. and {Vanmunster}, Tonny and {Bolt}, Greg and {Armstrong}, Eve and {McCormick}, Jennie and {Krajci}, Thomas and {Jensen}, Lasse and {Gunn}, Jerry and {Butterworth}, Neil and {Foote}, Jerry and {Bos}, Marc and {Masi}, Gianluca and {Warhurst}, Paul},
        title = "{Superhumps in Cataclysmic Binaries. XXV. q$_{crit}$, É›(q), and Mass-Radius}",
      journal = {\pasp},
     keywords = {Accretion, Accretion Disks, Stars: Binaries: Close, Stars: Novae, Cataclysmic Variables, stars: individual (OU Virginis), stars: individual (XZ Eridani), Stars: Individual: Constellation Name: UU Aquarii, stars: individual (KV Ursae Majoris), stars: individual (BB Droadus), Stars: Individual: Constellation Name: U Geminorum, Stars: Individual: Constellation Name: IP Pegasi, Stars: Individual: Constellation Name: DW Ursae Majoris, Astrophysics},
         year = 2005,
        month = nov,
       volume = {117},
       number = {837},
        pages = {1204-1222},
          doi = {10.1086/447771},
archivePrefix = {arXiv},
       eprint = {astro-ph/0507371},
 primaryClass = {astro-ph},
       adsurl = {https://ui.adsabs.harvard.edu/abs/2005PASP..117.1204P},
      adsnote = {Provided by the SAO/NASA Astrophysics Data System}
}

@ARTICLE{2021MNRAS.508.5657M,
       author = {{Manser}, Christopher J. and {Dennihy}, Erik and {G{\"a}nsicke}, Boris T. and {Debes}, John H. and {Gentile Fusillo}, Nicola P. and {Hermes}, J.~J. and {Hollands}, Mark and {Izquierdo}, Paula and {Kaiser}, B.~C. and {Marsh}, T.~R. and {Reding}, Joshua S. and {Rodr{\'\i}guez-Gil}, Pablo and {Veras}, Dimitri and {Wilson}, David J.},
        title = "{Velocity-imaging the rapidly precessing planetary disc around the white dwarf HE 1349-2305 using Doppler tomography}",
      journal = {\mnras},
     keywords = {accretion, accretion discs, circumstellar matter, line: profiles, stars: individual: HE 1349-2305, stars: planetary systems, white dwarfs, Astrophysics - Earth and Planetary Astrophysics, Astrophysics - Solar and Stellar Astrophysics},
         year = 2021,
        month = dec,
       volume = {508},
       number = {4},
        pages = {5657-5670},
          doi = {10.1093/mnras/stab2948},
archivePrefix = {arXiv},
       eprint = {2110.05533},
 primaryClass = {astro-ph.EP},
       adsurl = {https://ui.adsabs.harvard.edu/abs/2021MNRAS.508.5657M},
      adsnote = {Provided by the SAO/NASA Astrophysics Data System}
}

@article{nealon2022bardeen,
  title={The Bardeen--Petterson effect in accreting supermassive black hole binaries: disc breaking and critical obliquity},
  author={Nealon, Rebecca and Ragusa, Enrico and Gerosa, Davide and Rosotti, Giovanni and Barbieri, Riccardo},
  journal={Monthly Notices of the Royal Astronomical Society},
  volume={509},
  number={4},
  pages={5608--5621},
  year={2022},
  publisher={Oxford University Press}
}

@article{young2023conditions,
  title={On the conditions for warping and breaking protoplanetary discs},
  author={Young, Alison K and Stevenson, Struan and Nixon, CJ and Rice, Ken},
  journal={Monthly Notices of the Royal Astronomical Society},
  volume={525},
  number={2},
  pages={2616--2631},
  year={2023},
  publisher={Oxford University Press}
}

@INPROCEEDINGS{2016ASPC..506....3O,
       author = {{Okazaki}, A.~T.},
        title = "{Current Status of Our Understanding of Be Disk Physics Invited Review}",
    booktitle = {Bright Emissaries: Be Stars as Messengers of Star-Disk Physics},
         year = 2016,
       editor = {{Sigut}, T.~A.~A. and {Jones}, C.~E.},
       series = {Astronomical Society of the Pacific Conference Series},
       volume = {506},
        month = nov,
        pages = {3},
       adsurl = {https://ui.adsabs.harvard.edu/abs/2016ASPC..506....3O},
      adsnote = {Provided by the SAO/NASA Astrophysics Data System}
}

@ARTICLE{2022A&A...666A...6W,
       author = {{Wevers}, T. and {Nicholl}, M. and {Guolo}, M. and {Charalampopoulos}, P. and {Gromadzki}, M. and {Reynolds}, T.~M. and {Kankare}, E. and {Leloudas}, G. and {Anderson}, J.~P. and {Arcavi}, I. and {Cannizzaro}, G. and {Chen}, T. -W. and {Ihanec}, N. and {Inserra}, C. and {Guti{\'e}rrez}, C.~P. and {Jonker}, P.~G. and {Lawrence}, A. and {Magee}, M.~R. and {M{\"u}ller-Bravo}, T.~E. and {Onori}, F. and {Ridley}, E. and {Schulze}, S. and {Short}, P. and {Hiramatsu}, D. and {Newsome}, M. and {Terwel}, J.~H. and {Yang}, S. and {Young}, D.},
        title = "{An elliptical accretion disk following the tidal disruption event AT 2020zso}",
      journal = {\aap},
     keywords = {accretion, accretion disks, galaxies: active, quasars: supermassive black holes, Astrophysics - High Energy Astrophysical Phenomena},
         year = 2022,
        month = oct,
       volume = {666},
          eid = {A6},
        pages = {A6},
          doi = {10.1051/0004-6361/202142616},
archivePrefix = {arXiv},
       eprint = {2202.08268},
 primaryClass = {astro-ph.HE},
       adsurl = {https://ui.adsabs.harvard.edu/abs/2022A&A...666A...6W},
      adsnote = {Provided by the SAO/NASA Astrophysics Data System}
}

@ARTICLE{1993ApJ...419..758L,
       author = {{Lubow}, S.~H. and {Pringle}, J.~E. and {Kerswell}, R.~R.},
        title = "{Tidal Instability of Accretion Disks}",
      journal = {\apj},
     keywords = {ACCRETION, ACCRETION DISKS},
         year = 1993,
        month = dec,
       volume = {419},
        pages = {758},
          doi = {10.1086/173527},
       adsurl = {https://ui.adsabs.harvard.edu/abs/1993ApJ...419..758L},
      adsnote = {Provided by the SAO/NASA Astrophysics Data System}
}

@ARTICLE{2005Ap&SS.296..403M,
       author = {{Marsh}, T.~R.},
        title = "{Doppler Tomography}",
      journal = {\apss},
     keywords = {accretion},
         year = 2005,
        month = apr,
       volume = {296},
       number = {1-4},
        pages = {403-415},
          doi = {10.1007/s10509-005-4859-3},
       adsurl = {https://ui.adsabs.harvard.edu/abs/2005Ap&SS.296..403M},
      adsnote = {Provided by the SAO/NASA Astrophysics Data System}
}



@book{warner1995, 
  author={Warner, Brian}, 
  title={Cataclysmic Variable Stars}, 
  publisher={Cambridge University Press}, 
  address={Cambridge, UK},
  year={1995}, 
}

@ARTICLE{Tout_Pringle1992,
       author = {{Tout}, C.~A. and {Pringle}, J.~E.},
        title = "{Accretion disc viscosity: a simple model for a magnetic dynamo.}",
      journal = {\mnras},
     keywords = {Accretion Disks, Astronomical Models, Dynamo Theory, Magnetic Field Reconnection, Computational Astrophysics, Equilibrium Equations, Viscosity, Astrophysics},
         year = 1992,
        month = dec,
       volume = {259},
        pages = {604-612},
          doi = {10.1093/mnras/259.4.604}
       }

@article{manara2019observational,
  title={Observational constraints on dust disk sizes in tidally truncated protoplanetary disks in multiple systems in the Taurus region},
  author={Manara, CF and Tazzari, M and Long, F and Herczeg, GJ and Lodato, G and Rota, AA and Cazzoletti, P and van Der Plas, G and Pinilla, P and Dipierro, G and others},
  journal={Astronomy \& Astrophysics},
  volume={628},
  pages={A95},
  year={2019},
  publisher={EDP Sciences}
}


@book{teschl2024ordinary,
  title={Ordinary differential equations and dynamical systems},
  author={Teschl, Gerald},
  volume={140},
  year={2024},
  publisher={American Mathematical Society}
}

@article{nealon2022bardeen,
  title={The Bardeen--Petterson effect in accreting supermassive black hole binaries: disc breaking and critical obliquity},
  author={Nealon, Rebecca and Ragusa, Enrico and Gerosa, Davide and Rosotti, Giovanni and Barbieri, Riccardo},
  journal={\mnras},
  volume={509},
  number={4},
  pages={5608--5621},
  year={2022},
  publisher={Oxford University Press}
}

@article{young2023conditions,
  title={On the conditions for warping and breaking protoplanetary discs},
  author={Young, Alison K and Stevenson, Struan and Nixon, CJ and Rice, Ken},
  journal={\mnras},
  volume={525},
  number={2},
  pages={2616--2631},
  year={2023},
  publisher={Oxford University Press}
}



@article{bauer2012subsonic,
  title={Subsonic turbulence in smoothed particle hydrodynamics and moving-mesh simulations},
  author={Bauer, Andreas and Springel, Volker},
  journal={\mnras},
  volume={423},
  number={3},
  pages={2558--2578},
  year={2012},
  publisher={Blackwell Publishing Ltd Oxford, UK}
}

@article{gammie2000linear,
  title={Linear and non-linear theory of a parametric instability of hydrodynamic warps in Keplerian discs},
  author={Gammie, Charles F and Goodman, Jeremy and Ogilvie, Gordon I},
  journal={\mnras},
  volume={318},
  number={4},
  pages={1005--1016},
  year={2000},
  publisher={Blackwell Science Ltd Oxford, UK}
}

@article{kimmig2024warped,
  title={Warped Disk Evolution in Grid-Based Simulations},
  author={Kimmig, CN and Dullemond, CP},
  journal={arXiv preprint arXiv:2406.02754},
  year={2024}
}


@article{deng2021parametric,
  title={Parametric instability in a free-evolving warped protoplanetary disc},
  author={Deng, Hongping and Ogilvie, Gordon I and Mayer, Lucio},
  journal={\mnras},
  volume={500},
  number={3},
  pages={4248--4256},
  year={2021},
  publisher={Oxford University Press}
}


@article{lubow1992tidally,
  title={Tidally driven inclination instability in Keplerian disks},
  author={Lubow, Stephen H},
  journal={\apj},
  volume={398},
  pages={525--530},
  year={1992}
}

@article{papaloizou2005local,
  title={The local instability of steady astrophysical flows with non circular streamlines with application to differentially rotating disks with free eccentricity},
  author={Papaloizou, John CB},
  journal={\aap},
  volume={432},
  number={3},
  pages={743--755},
  year={2005},
  publisher={EDP Sciences}
}


@article{okazaki1987gloval,
  title={Global Trapped Oscillations of Relativistic Accretion Disks},
  author={Okazaki, Atsuo T and Kato, Shoji and Fukue, Jun},
  journal={\pasj},
  volume={39},
  pages={457--473},
  year={1987},
  publisher={Astronomical Society of Japan}
}


@article{stehle1999hydrodynamics,
  title={Hydrodynamics of accretion discs of variable thickness},
  author={Stehle, R and Spruit, HC},
  journal={\mnras},
  volume={304},
  number={3},
  pages={674--686},
  year={1999},
  publisher={Blackwell Science Ltd Oxford, UK}
}


@article{jensen2014misaligned,
  title={Misaligned protoplanetary disks in a young binary star system},
  author={Jensen, Eric LN and Akeson, Rachel},
  journal={Nature},
  volume={511},
  number={7511},
  pages={567--569},
  year={2014},
  publisher={Nature Publishing Group UK London}
}


@article{manara2019observational,
  title={Observational constraints on dust disk sizes in tidally truncated protoplanetary disks in multiple systems in the Taurus region},
  author={Manara, CF and Tazzari, M and Long, F and Herczeg, GJ and Lodato, G and Rota, AA and Cazzoletti, P and van Der Plas, G and Pinilla, P and Dipierro, G and others},
  journal={\aap},
  volume={628},
  pages={A95},
  year={2019},
  publisher={EDP Sciences}
}

@article{kadowaki2018mhd,
  title={MHD instabilities in accretion disks and their implications in driving fast magnetic reconnection},
  author={Kadowaki, Luis HS and Dal Pino, Elisabete M De Gouveia and Stone, James M},
  journal={\apj},
  volume={864},
  number={1},
  pages={52},
  year={2018},
  publisher={IOP Publishing}
}

@book{pringle2007astrophysical,
  title={Astrophysical flows},
  author={Pringle, James E and King, Andrew},
  year={2007},
  publisher={Cambridge University Press}
}

@article{hillier2016nature,
  title={On the nature of the magnetic Rayleigh--Taylor instability in astrophysical plasma: the case of uniform magnetic field strength},
  author={Hillier, Andrew S},
  journal={\mnras},
  volume={462},
  number={2},
  pages={2256--2265},
  year={2016},
  publisher={Oxford University Press}
}

@article{stone2007magnetic,
  title={The magnetic Rayleigh-Taylor instability in three dimensions},
  author={Stone, James M and Gardiner, Thomas},
  journal={\apj},
  volume={671},
  number={2},
  pages={1726},
  year={2007},
  publisher={IOP Publishing}
}

@ARTICLE{blackman2009,
       author = {{Blackman}, Eric G. and {Pessah}, Martin E.},
        title = "{Coronae as a Consequence of Large-Scale Magnetic Fields in Turbulent Accretion Disks}",
      journal = {\apjl},
     keywords = {accretion, accretion disks, black hole physics, instabilities, MHD, turbulence, Astrophysics - High Energy Astrophysical Phenomena},
         year = 2009,
        month = oct,
       volume = {704},
       number = {2},
        pages = {L113-L117},
          doi = {10.1088/0004-637X/704/2/L113},
}

@ARTICLE{blackman2004,
       author = {{Blackman}, Eric G. and {Tan}, Jonathan C.},
        title = "{Coronae \& Outflows from Helical Dynamos, Compatibility with the MRI, and Application to Protostellar Disks}",
      journal = {\apss},
     keywords = {outflows, dynamos, accretion disk, magnetic fields, primordial protstars, Astrophysics},
         year = 2004,
        month = aug,
       volume = {292},
       number = {1},
        pages = {395-406},
          doi = {10.1023/B:ASTR.0000045043.87692.4a},
}

@ARTICLE{parker1967,
       author = {{Parker}, E.~N.},
        title = "{The Dynamical State of the Interstellar Gas and Field. III. Turbulence and Enhanced Diffusion}",
      journal = {\apj},
         year = 1967,
        month = sep,
       volume = {149},
        pages = {535},
          doi = {10.1086/149283},
}

@ARTICLE{tao2011,
       author = {{Tao}, Ted and {Blaes}, Omer},
        title = "{Local Radiation Magnetohydrodynamic Instabilities in Magnetically Stratified Media}",
      journal = {\apj},
     keywords = {accretion, accretion disks, instabilities, magnetohydrodynamics: MHD, radiative transfer, Astrophysics - High Energy Astrophysical Phenomena},
         year = 2011,
        month = nov,
       volume = {742},
       number = {1},
          eid = {8},
        pages = {8},
          doi = {10.1088/0004-637X/742/1/8},
}

@ARTICLE{gressel2022,
       author = {{Gressel}, Oliver and {Pessah}, Martin E.},
        title = "{Finite-time Response of Dynamo Mean-field Effects in Magnetorotational Turbulence}",
      journal = {\apj},
     keywords = {Magnetic fields, Magnetohydrodynamical simulations, Magnetohydrodynamics, 994, 1966, 1964, Astrophysics - High Energy Astrophysical Phenomena},
         year = 2022,
        month = apr,
       volume = {928},
       number = {2},
          eid = {118},
        pages = {118},
          doi = {10.3847/1538-4357/ac56dd},
}

@ARTICLE{pessah2012,
       author = {{Pessah}, Martin E. and {Chan}, Chi-kwan},
        title = "{On Hydromagnetic Stresses in Accretion Disk Boundary Layers}",
      journal = {\apj},
     keywords = {accretion, accretion disks, instabilities, magnetohydrodynamics: MHD, turbulence, Astrophysics - High Energy Astrophysical Phenomena},
         year = 2012,
        month = may,
       volume = {751},
       number = {1},
          eid = {48},
        pages = {48},
          doi = {10.1088/0004-637X/751/1/48},
}

@ARTICLE{brandenburg2018,
       author = {{Brandenburg}, Axel},
        title = "{Advances in mean-field dynamo theory and applications to astrophysical turbulence}",
      journal = {Journal of Plasma Physics},
     keywords = {astrophysical plasmas, Physics - Fluid Dynamics, Astrophysics - Solar and Stellar Astrophysics},
         year = 2018,
        month = aug,
       volume = {84},
       number = {4},
          eid = {735840404},
        pages = {735840404},
          doi = {10.1017/S0022377818000806}
}

@ARTICLE{zhuravlev2014,
       author = {{Zhuravlev}, V.~V. and {Razdoburdin}, D.~N.},
        title = "{A study of the transient dynamics of perturbations in Keplerian discs using a variational approach}",
      journal = {\mnras},
     keywords = {accretion, accretion discs, hydrodynamics, instabilities, turbulence, Astrophysics - High Energy Astrophysical Phenomena, Astrophysics - Earth and Planetary Astrophysics, Astrophysics - Solar and Stellar Astrophysics, Physics - Fluid Dynamics},
         year = 2014,
        month = jul,
       volume = {442},
       number = {1},
        pages = {870-890},
          doi = {10.1093/mnras/stu848},
}

@ARTICLE{Kang2022,
       author = {{Kang}, Jia-Lai and {Wang}, Jun-Xian},
        title = "{The X-Ray Coronae in NuSTAR Bright Active Galactic Nuclei}",
      journal = {\apj},
     keywords = {Active galactic nuclei, X-ray active galactic nuclei, 16, 2035, Astrophysics - High Energy Astrophysical Phenomena, Astrophysics - Astrophysics of Galaxies},
         year = 2022,
        month = apr,
       volume = {929},
       number = {2},
          eid = {141},
        pages = {141},
          doi = {10.3847/1538-4357/ac5d49},
}

@ARTICLE{nauman2018,
       author = {{Nauman}, Farrukh and {Pessah}, Martin E.},
        title = "{Transport properties of Keplerian flows in extended local domains with no imposed field}",
      journal = {\mnras},
     keywords = {accretion, accretion discs, turbulence, Astrophysics - Solar and Stellar Astrophysics, Physics - Fluid Dynamics, Physics - Plasma Physics},
         year = 2018,
        month = oct,
       volume = {480},
       number = {1},
        pages = {204-209},
          doi = {10.1093/mnras/sty1894},
}

@ARTICLE{Masterson2022,
       author = {{Masterson}, Megan and {Kara}, Erin and {Ricci}, Claudio and {Garc{\'\i}a}, Javier A. and {Fabian}, Andrew C. and {Pinto}, Ciro and {Kosec}, Peter and {Remillard}, Ronald A. and {Loewenstein}, Michael and {Trakhtenbrot}, Benny and {Arcavi}, Iair},
        title = "{Evolution of a Relativistic Outflow and X-Ray Corona in the Extreme Changing-look AGN 1ES 1927+654}",
      journal = {\apj},
     keywords = {Active galactic nuclei, High energy astrophysics, Seyfert galaxies, Supermassive black holes, X-ray transient sources, 16, 739, 1447, 1663, 1852, Astrophysics - High Energy Astrophysical Phenomena},
         year = 2022,
        month = jul,
       volume = {934},
       number = {1},
          eid = {35},
        pages = {35},
          doi = {10.3847/1538-4357/ac76c0},
 }

@ARTICLE{Zhang2023,
       author = {{Zhang}, Zuobin and {Jiang}, Jiachen and {Liu}, Honghui and {Bambi}, Cosimo and {Reynolds}, Christopher S. and {Fabian}, Andrew C. and {Dauser}, Thomas and {Madsen}, Kristin and {Young}, Andrew and {Gallo}, Luigi and {Yu}, Zhibo and {Tomsick}, John},
        title = "{The Low-temperature Corona in ESO 511-G030 Revealed by NuSTAR and XMM-Newton}",
      journal = {\apj},
     keywords = {Accretion, Seyfert galaxies, Astrophysical black holes, X-ray astronomy, 14, 1447, 98, 1810, Astrophysics - High Energy Astrophysical Phenomena},
         year = 2023,
        month = may,
       volume = {949},
       number = {1},
          eid = {4},
        pages = {4},
          doi = {10.3847/1538-4357/acc38f},
}

@INPROCEEDINGS{Pascucci2023,
       author = {{Pascucci}, I. and {Cabrit}, S. and {Edwards}, S. and {Gorti}, U. and {Gressel}, O. and {Suzuki}, T.~K.},
        title = "{The Role of Disk Winds in the Evolution and Dispersal of Protoplanetary Disks}",
     keywords = {Astrophysics - Earth and Planetary Astrophysics, Astrophysics - Solar and Stellar Astrophysics},
    booktitle = {Protostars and Planets VII},
         year = 2023,
       editor = {{Inutsuka}, S. and {Aikawa}, Y. and {Muto}, T. and {Tomida}, K. and {Tamura}, M.},
       series = {Astronomical Society of the Pacific Conference Series},
       volume = {534},
        month = jul,
        pages = {567},
          doi = {10.48550/arXiv.2203.10068},
}

@ARTICLE{Gallo2019,
       author = {{Gallo}, L.~C. and {Gonzalez}, A.~G. and {Waddell}, S.~G.~H. and {Ehler}, H.~J.~S. and {Wilkins}, D.~R. and {Longinotti}, A.~L. and {Grupe}, D. and {Komossa}, S. and {Kriss}, G.~A. and {Pinto}, C. and {Tripathi}, S. and {Fabian}, A.~C. and {Krongold}, Y. and {Mathur}, S. and {Parker}, M.~L. and {Pradhan}, A.},
        title = "{Evidence for an emerging disc wind and collimated outflow during an X-ray flare in the narrow-line Seyfert 1 galaxy Mrk 335}",
      journal = {\mnras},
     keywords = {galaxies: active, galaxies: individual: Mrk 335, galaxies: nuclei, X-rays: galaxies, Astrophysics - High Energy Astrophysical Phenomena},
         year = 2019,
        month = apr,
       volume = {484},
       number = {3},
        pages = {4287-4297},
          doi = {10.1093/mnras/stz274},
}

@ARTICLE{Dudorov2019,
       author = {{Dudorov}, A.~E. and {Khaibrakhmanov}, S.~A. and {Sobolev}, A.~M.},
        title = "{Dynamics of magnetic flux tubes in accretion discs of T Tauri stars}",
      journal = {\mnras},
     keywords = {accretion, accretion discs, diffusion, MHD, ISM: magnetic fields, ISM: jets and outflows, stars: variables: T Tauri, Herbig Ae/Be, Astrophysics - Solar and Stellar Astrophysics, Astrophysics - High Energy Astrophysical Phenomena, Physics - Plasma Physics},
         year = 2019,
        month = aug,
       volume = {487},
       number = {4},
        pages = {5388-5404},
          doi = {10.1093/mnras/stz1654},
}

@ARTICLE{Keek2016,
       author = {{Keek}, L. and {Ballantyne}, D.~R.},
        title = "{Revealing the accretion disc corona in Mrk 335 with multi-epoch X-ray spectroscopy}",
      journal = {\mnras},
     keywords = {accretion, accretion discs, galaxies: active, galaxies: individual: Mrk 335, galaxies: Seyfert, X-rays: galaxies, Astrophysics - High Energy Astrophysical Phenomena},
         year = 2016,
        month = mar,
       volume = {456},
       number = {3},
        pages = {2722-2734},
          doi = {10.1093/mnras/stv2882},
}

@ARTICLE{Uzdensky2013,
       author = {{Uzdensky}, Dmitri A.},
        title = "{Vertical Structure and Coronal Power of Accretion Disks Powered by Magnetorotational-instability Turbulence}",
      journal = {\apj},
     keywords = {accretion, accretion disks, magnetic fields, radiative transfer, Astrophysics - High Energy Astrophysical Phenomena, Physics - Plasma Physics},
         year = 2013,
        month = oct,
       volume = {775},
       number = {2},
          eid = {103},
        pages = {103},
          doi = {10.1088/0004-637X/775/2/103},
}

@ARTICLE{gressel2015,
       author = {{Gressel}, Oliver and {Pessah}, Martin E.},
        title = "{Characterizing the Mean-field Dynamo in Turbulent Accretion Disks}",
      journal = {\apj},
     keywords = {accretion, accretion disks, magnetohydrodynamics: MHD, methods: numerical, Astrophysics - High Energy Astrophysical Phenomena},
         year = 2015,
        month = sep,
       volume = {810},
       number = {1},
          eid = {59},
        pages = {59},
          doi = {10.1088/0004-637X/810/1/59},
}

@ARTICLE{foglizzo1995,
       author = {{Foglizzo}, T. and {Tagger}, M.},
        title = "{The Parker-shearing instability in azimuthally magnetized discs.}",
      journal = {\aap},
     keywords = {ACCRETION DISCS, INSTABILITIES, MHD, COSMIC RAYS, GALAXIES: ISM, GALAXIES: MAGNETIC FIELDS, Astrophysics},
         year = 1995,
        month = sep,
       volume = {301},
        pages = {293},
          doi = {10.48550/arXiv.astro-ph/9502049}
}

@ARTICLE{Walker2016,
       author = {{Walker}, Justin and {Lesur}, Geoffroy and {Boldyrev}, Stanislav},
        title = "{On the nature of magnetic turbulence in rotating, shearing flows}",
      journal = {\mnras},
     keywords = {accretion, accretion discs, dynamo, MHD, plasmas, Astrophysics - Solar and Stellar Astrophysics, Astrophysics - High Energy Astrophysical Phenomena, Physics - Fluid Dynamics, Physics - Plasma Physics},
         year = 2016,
        month = mar,
       volume = {457},
       number = {1},
        pages = {L39-L43},
          doi = {10.1093/mnrasl/slv200},
}

@book{landau1960mechanics,
  title={Mechanics},
  author={Landau, Lev Davidovich and Lifshitz, Evgenii Mikhailovich},
  year={1960},
  publisher={Pergamon Press},
  address={London}
}

@book{landau1987,
  title={Fluid mechanics},
  author={Landau, Lev Davidovich and Lifshitz, Evgenii Mikhailovich},
  year={1987},
  publisher={Pergamon Press},
  address={London}
}

@ARTICLE{gogichaishvili2017,
       author = {{Gogichaishvili}, D. and {Mamatsashvili}, G. and {Horton}, W. and {Chagelishvili}, G. and {Bodo}, G.},
        title = "{Nonlinear Transverse Cascade and Sustenance of MRI Turbulence in Keplerian Disks with an Azimuthal Magnetic Field}",
      journal = {\apj},
     keywords = {accretion, accretion disks, instabilities, magnetohydrodynamics: MHD, turbulence, Astrophysics - Earth and Planetary Astrophysics, Astrophysics - High Energy Astrophysical Phenomena, Astrophysics - Solar and Stellar Astrophysics, Physics - Fluid Dynamics, Physics - Plasma Physics},
         year = 2017,
        month = aug,
       volume = {845},
       number = {1},
          eid = {70},
        pages = {70},
          doi = {10.3847/1538-4357/aa7ed1},
}

@article{gogichaishvili2018active,
  title={Active modes and dynamical balances in mri turbulence of keplerian disks with a net vertical magnetic field},
  author={Gogichaishvili, D and Mamatsashvili, G and Horton, W and Chagelishvili, G},
  journal={\apj},
  volume={866},
  number={2},
  pages={134},
  year={2018},
  publisher={IOP Publishing}
}

@ARTICLE{goodman1994,
       author = {{Goodman}, Jeremy and {Xu}, Guohong},
        title = "{Parasitic Instabilities in Magnetized, Differentially Rotating Disks}",
      journal = {\apj},
     keywords = {Accretion Disks, Astronomical Models, Kelvin-Helmholtz Instability, Magnetohydrodynamic Stability, Mathematical Models, Rotating Fluids, Viscosity, Eigenvectors, Fluid Dynamics, Gas Pressure, Magnetic Fields, Nonlinear Equations, Astrophysics, ACCRETION, ACCRETION DISKS, INSTABILITIES, MAGNETOHYDRODYNAMICS: MHD},
         year = 1994,
        month = sep,
       volume = {432},
        pages = {213},
          doi = {10.1086/174562},
          }

@article{pessah2007angular,
  title={Angular momentum transport in accretion disks: scaling laws in MRI-driven turbulence},
  author={Pessah, Martin E and Chan, Chi-kwan and Psaltis, Dimitrios},
  journal={\apj},
  volume={668},
  number={1},
  pages={L51},
  year={2007},
  publisher={IOP Publishing}
}

@ARTICLE{pessah2009,
       author = {{Pessah}, Martin E. and {Goodman}, Jeremy},
        title = "{On the Saturation of the Magnetorotational Instability Via Parasitic Modes}",
      journal = {\apjl},
     keywords = {accretion, accretion disks, black hole physics, instabilities, MHD, turbulence, Astrophysics - High Energy Astrophysical Phenomena},
         year = 2009,
        month = jun,
       volume = {698},
       number = {1},
        pages = {L72-L76},
          doi = {10.1088/0004-637X/698/1/L72},
archivePrefix = {arXiv},
       eprint = {0902.0794},
 primaryClass = {astro-ph.HE},
}

@ARTICLE{longaretti2010,
       author = {{Longaretti}, P. -Y. and {Lesur}, G.},
        title = "{MRI-driven turbulent transport: the role of dissipation, channel modes and their parasites}",
      journal = {\aap},
     keywords = {accretion, accretion disks, turbulence, magnetohydrodynamics (MHD), Astrophysics - Solar and Stellar Astrophysics},
         year = 2010,
        month = jun,
       volume = {516},
          eid = {A51},
        pages = {A51},
          doi = {10.1051/0004-6361/201014093},
}

@ARTICLE{mamatsashvili2013,
       author = {{Mamatsashvili}, G.~R. and {Chagelishvili}, G.~D. and {Bodo}, G. and {Rossi}, P.},
        title = "{Revisiting linear dynamics of non-axisymmetric perturbations in weakly magnetized accretion discs}",
      journal = {\mnras},
     keywords = {accretion, accretion discs, instabilities, MHD, turbulence, protoplanetary discs, planetary systems, Astrophysics - Earth and Planetary Astrophysics, Astrophysics - High Energy Astrophysical Phenomena, Astrophysics - Solar and Stellar Astrophysics},
         year = 2013,
        month = nov,
       volume = {435},
       number = {3},
        pages = {2552-2567},
          doi = {10.1093/mnras/stt1470},
}

@ARTICLE{latter2009,
       author = {{Latter}, Henrik N. and {Lesaffre}, Pierre and {Balbus}, Steven A.},
        title = "{MRI channel flows and their parasites}",
      journal = {\mnras},
     keywords = {accretion, accretion discs, instabilities, MHD, turbulence, Astrophysics - High Energy Astrophysical Phenomena},
         year = 2009,
        month = apr,
       volume = {394},
       number = {2},
        pages = {715-729},
          doi = {10.1111/j.1365-2966.2009.14395.x},
}

@ARTICLE{balbus1992,
       author = {{Balbus}, Steven A. and {Hawley}, John F.},
        title = "{A Powerful Local Shear Instability in Weakly Magnetized Disks. IV. Nonaxisymmetric Perturbations}",
      journal = {\apj},
     keywords = {ACCRETION, ACCRETION DISKS, INSTABILITIES, MAGNETOHYDRODYNAMICS: MHD},
         year = 1992,
        month = dec,
       volume = {400},
        pages = {610-621},
          doi = {10.1086/172022},
}

@ARTICLE{papaloizou1997,
       author = {{Papaloizou}, John C.~B. and {Terquem}, Caroline},
        title = "{On the stability of an accretion disc containing a toroidal magnetic field: the effect of resistivity}",
      journal = {\mnras},
     keywords = {ACCRETION, ACCRETION DISCS, INSTABILITIES, MAGNETIC FIELDS, MHD},
         year = 1997,
        month = jun,
       volume = {287},
       number = {4},
        pages = {771-789},
          doi = {10.1093/mnras/287.4.771},
}

@ARTICLE{Guilet2022,
       author = {{Guilet}, J. and {Reboul-Salze}, A. and {Raynaud}, R. and {Bugli} M. and {Gallet}, B.},
       title = "{MRI channel flows and their parasites}",
      journal = {\mnras},
         year = {2022},
       volume = {submitted},
       number = {},
        pages = {}
}

@BOOK{Biskamp2003,
   author       = {D. Biskamp},
   year         = 2003,
   title        = {Magnetohydrodynamic turbulence},
   publisher    = {Cambridge University Press}
}

@ARTICLE{bodo2008,
       author = {{Bodo}, G. and {Mignone}, A. and {Cattaneo}, F. and {Rossi}, P. and {Ferrari}, A.},
        title = "{Aspect ratio dependence in magnetorotational instability shearing box simulations}",
      journal = {\aap},
     keywords = {accretion, accretion disks, instabilities, turbulence, magnetic fields, magnetohydrodynamics (MHD), Astrophysics},
         year = 2008,
        month = aug,
       volume = {487},
       number = {1},
        pages = {1-5},
          doi = {10.1051/0004-6361:200809730},
}

@ARTICLE{pessah2010,
       author = {{Pessah}, Martin E.},
        title = "{Angular Momentum Transport in Protoplanetary and Black Hole Accretion Disks: The Role of Parasitic Modes in the Saturation of MHD Turbulence}",
      journal = {\apj},
     keywords = {accretion, accretion disks, black hole physics, instabilities, magnetohydrodynamics: MHD, turbulence, Astrophysics - High Energy Astrophysical Phenomena},
         year = 2010,
        month = jun,
       volume = {716},
       number = {2},
        pages = {1012-1027},
          doi = {10.1088/0004-637X/716/2/1012},
}

@ARTICLE{Alexakis2018,
       author = {{Alexakis}, A. and {Biferale}, L.},
        title = "{Cascades and transitions in turbulent flows}",
      journal = {\physrep},
         year = 2018,
        month = nov,
       volume = {767},
        pages = {1-101},
          doi = {10.1016/j.physrep.2018.08.001},
}

@ARTICLE{horton2010,
       author = {{Horton}, W. and {Kim}, J. -H. and {Chagelishvili}, G.~D. and {Bowman}, J.~C. and {Lominadze}, J.~G.},
        title = "{Angular redistribution of nonlinear perturbations: A universal feature of nonuniform flows}",
      journal = {\pre},
     keywords = {47.27.W-, 47.27.T-, 47.27.Cn, Boundary-free shear flow turbulence, Turbulent transport processes, Transition to turbulence},
         year = 2010,
        month = jun,
       volume = {81},
       number = {6},
          eid = {066304},
        pages = {066304},
          doi = {10.1103/PhysRevE.81.066304},
}

@ARTICLE{mamatsashvili2014,
       author = {{Mamatsashvili}, G.~R. and {Gogichaishvili}, D.~Z. and {Chagelishvili}, G.~D. and {Horton}, W.},
        title = "{Nonlinear transverse cascade and two-dimensional magnetohydrodynamic subcritical turbulence in plane shear flows}",
      journal = {\pre},
     keywords = {95.30.Qd, 47.20.-k, 47.27.-i, 52.30.-q, Magnetohydrodynamics and plasmas, Flow instabilities, Turbulent flows, Plasma dynamics and flow, Physics - Plasma Physics, Astrophysics - Earth and Planetary Astrophysics, Astrophysics - Solar and Stellar Astrophysics},
         year = 2014,
        month = apr,
       volume = {89},
       number = {4},
          eid = {043101},
        pages = {043101},
          doi = {10.1103/PhysRevE.89.043101},
}

@BOOK{Biskamp03,
   author       = {D. Biskamp},
   year         = 2003,
   title        = {Magnetohydrodynamic turbulence},
   publisher    = {Cambridge University Press}
   }

@ARTICLE{squire2014,
       author = {{Squire}, J. and {Bhattacharjee}, A.},
        title = "{Magnetorotational Instability: Nonmodal Growth and the Relationship of Global Modes to the Shearing Box}",
      journal = {\apj},
     keywords = {accretion, accretion disks, magnetic fields, magnetohydrodynamics: MHD, Astrophysics - High Energy Astrophysical Phenomena, Astrophysics - Solar and Stellar Astrophysics, Physics - Fluid Dynamics, Physics - Plasma Physics},
         year = 2014,
        month = dec,
       volume = {797},
       number = {1},
          eid = {67},
        pages = {67},
          doi = {10.1088/0004-637X/797/1/67},
}

@ARTICLE{Murphy_Pessah2015,
       author = {{Murphy}, Gareth C. and {Pessah}, Martin E.},
        title = "{On the Anisotropic Nature of MRI-driven Turbulence in Astrophysical Disks}",
      journal = {\apj},
     keywords = {accretion, accretion disks, black hole physics, instabilities, magnetohydrodynamics: MHD, turbulence, Astrophysics - Solar and Stellar Astrophysics},
         year = 2015,
        month = apr,
       volume = {802},
       number = {2},
          eid = {139},
        pages = {139},
          doi = {10.1088/0004-637X/802/2/139},
}

@ARTICLE{Lesur_Longaretti2011,
       author = {{Lesur}, G. and {Longaretti}, P. -Y.},
        title = "{Non-linear energy transfers in accretion discs MRI turbulence. I. Net vertical field case}",
      journal = {\aap},
     keywords = {accretion, accretion disks, instabilities, protoplanetary disks, turbulence, Astrophysics - Earth and Planetary Astrophysics, Astrophysics - High Energy Astrophysical Phenomena, Astrophysics - Solar and Stellar Astrophysics},
         year = 2011,
        month = apr,
       volume = {528},
          eid = {A17},
        pages = {A17},
          doi = {10.1051/0004-6361/201015740},
} 

@book{hellier2001,
  author={{Hellier}, Coel},
  title={Cataclysmic Variable Stars},
  year={2001},
  publisher={Springer Science \& Business Media},
  address={Berlin},
  adsurl={https://ui.adsabs.harvard.edu/abs/2001cvs..book.....H},
  adsnote={Provided by the SAO/NASA Astrophysics Data System}
}

@book{riley2006mathematical,
  title={Mathematical methods for physics and engineering: a comprehensive guide},
  author={Riley, Kenneth Franklin and Hobson, Michael Paul and Bence, Stephen John},
  year={2006},
  publisher={Cambridge University Press},
  address={Cambridge, UK}
}

@book{clarke2007principles,
  title={Principles of astrophysical fluid dynamics},
  author={Clarke, Cathie and Carswell, Bob},
  year={2007},
  publisher={Cambridge University Press},
  address={Cambridge, UK}
}

@book{boyd2001chebyshev,
  title={Chebyshev and Fourier spectral methods},
  author={Boyd, John P},
  year={2001},
  publisher={Dover},
  address={New York}
}

@book{menzel1966,
  title={Selected papers on the transfer of radiation},
  author={Menzel, Donald Howard and Milne, Edward Arthur},
  Publisher={Dover},
  addres={New York},
  year={1966}
}

@book{laney1998,
  title={Computational Gasdynamics},
  author={Laney, C.B.},
  isbn={9780521625586},
  lccn={97052717},
  url={https://books.google.co.uk/books?id=r-bYw-JjKGAC},
  year={1998},
  publisher={Cambridge University Press},
  address={Cambridge, UK}
}

@book{kippenhahn1990,
  title={Stellar structure and evolution},
  author={Kippenhahn, Rudolf and Weigert, Alfred and Weiss, Achim},
  year={1990},
  publisher={Springer},
  address={Berlin}
  }

@book{weiss2014,
  title={Magnetoconvection},
  author={Weiss, Nigel Oscar and Proctor, MRE},
  year={2014},
  publisher={Cambridge University Press},
  address={Berlin}
  }

@book{boubnov1995,
  title={Convection in rotating fluids},
  author={Boubnov, BM and Golitsyn, GS},
  year={1995},
  publisher={Springer Science \& Business Media},
  address={Berlin}
}

@book{schwarzschild1958book,
  author = {{Schwarzschild}, Martin},
  title = "{Structure and evolution of the stars.}",
  year = {1958},
  adsurl = {https://ui.adsabs.harvard.edu/abs/1958ses..book.....S}, 
  adsnote = {Provided by the SAO/NASA Astrophysics Data System},
  publisher={Dover},
  address={New York}
}

@book{lappa2009,
  title={Thermal convection: patterns, evolution and stability},
  author={Lappa, Marcello},
  year={2009},
  publisher={John Wiley \& Sons},
  address={New York}
}

@book{davidson2015,
  title={Turbulence: an introduction for scientists and engineers},
  author={Davidson, Peter Alan},
  year={2015},
  publisher={Oxford University Press},
  address={Oxford, UK}
}

@book{wallace2006,
  title={Atmospheric science: an introductory survey},
  author={Wallace, John M and Hobbs, Peter V},
  year={2006},
  publisher={Elsevier},
  address={Amsterdam}
 }
 
@book{zemansky1968,
  title={Heat and thermodynamics: an intermediate textbook},
  author={Zemansky, Mark Waldo},
  year={1968},
  publisher={McGraw-Hill},
  address={New York}
}

@book{chandrasekhar1961,
  title={Hydrodynamic and hydromagnetic stability},
  author={Chandrasekhar, Subrahmanyan},
  year={1961},
  publisher={Dover},
  address={New York}
}

@book{press1988,
  title={Numerical recipes in C},
  author={Press, William H and Teukolsky, Saul A and Vetterling, William T and Flannery, Brian P},
  year={1988},
  publisher={Cambridge University Press},
  address={Cambridge, UK}
}

@book{shu1997,
  title={Preface to the republication of ``Uniformly high order essentially non-oscillatory schemes, III,'' by Harten, Engquist, Osher, and Chakravarthy},
  author={Shu, Chi-Wang},
  year={1997},
  publisher={Academic Press},
  address={Cambridge, MA}
}

@book{toro2013,
  title={Riemann solvers and numerical methods for fluid dynamics: a practical introduction},
  author={Toro, Eleuterio F},
  year={2013},
  publisher={Springer Science {\&} Business Media},
  address={Berlin}
}

@book{leveque2002,
  title={Finite volume methods for hyperbolic problems},
  author={LeVeque, Rand All J},
  year={2002},
  publisher={Cambridge University Press},
  address={Cambridge, UK}
}

@book{prialnik2000,
  title={An introduction to the theory of stellar structure and evolution},
  author={Prialnik, Dina},
  year={2000},
  publisher={Cambridge University Press},
  address={Cambridge, UK}
}

@book{bender2013advanced,
  title={Advanced mathematical methods for scientists and engineers I: Asymptotic methods and perturbation theory},
  author={Bender, Carl M and Orszag, Steven A},
  year={2013},
  publisher={Springer Science \& Business Media},
  address={Berlin}
}

@book{emanuel1994,
  title={Atmospheric convection},
  author={Emanuel, Kerry A},
  year={1994},
  publisher={Oxford University Press},
  address={Oxford, UK}
}

@book{boubnov2012,
  title={Convection in rotating fluids},
  author={Boubnov, BM and Golitsyn, Georgi S},
  volume={29},
  year={2012},
  publisher={Springer Science \& Business Media},
  address={Berlin}
}

@manual{plutoguide2014,
  title={\textsc{PLUTO} User's Guide (version 4.2)},
  author={Mignone, A.},
  month={August},
  year={2015}
}

@phdthesis{benard1901,
  author={B{\'e}nard, Henri},
  title={Les tourbillons cellulaires dans une nappe liquide propageant de la chaleur par convection: en r{\'e}gime permanent},
  school={Coll{\`e}ge de France},
  year={1901},
  month={March},
  publisher={Gauthier-Villars}
}

@inproceedings{1993cannizzo,
  author = {John K. Cannizzo},
  title={The Limit Cycle Instability In Dwarf Nova Accretion Disks},
  booktitle = {Accretion Disks in Compact Stellar Systems},
  editor={Wheeler, J. Craig},
  pages = {6--40},
  URL = {http://www.worldscientific.com/doi/abs/10.1142/9789814350976_0002},
  year = {1993},
  publisher={World Scientific},
}

@inproceedings{latter2017,
  title={Planetary rings and other astrophysical disks},
  author={Latter, Henrik N and Ogilvie, Gordon I and Rein, Hanno},
  booktitle={Planetary Ring Systems: properties, structure, and evolution},
  editor={Tiscareno, Matthew S. and Murray, Carl D.},
  publisher={Cambridge University Press},
  address={Cambridge, UK},
  URL={arXiv preprint arXiv:1701.04312},
  year={2017}
}

@inproceedings{roe1984,
  title={Efficient construction and utilization of approximate Riemann solvers},
  author={Roe, PL and Pike, J},
  booktitle={Proceedings of the IMA Conference on Numerical Methods in Fluid Dynamics, Computing Methods in Science and Engineering IV},
  year={1984},
  publisher={Elsevier},
  address={Amsterdam}
}

@inproceedings{mamajek2009,
  title={Initial conditions of planet formation: lifetimes of primordial disks},
  author={Mamajek, Eric E},
  booktitle={Exoplanets and disks: their formation and diversity},
  editor={Usuda, Tomonori and Tamura, Motohide and Ishii, Miki},
  pages={3--10},
  year={2009},
  publisher={American Institute of Physics}
}

@inproceedings{lin1985,
  title={On the dynamical origin of the solar system},
  author={Lin, DNC and Papaloizou, J},
  booktitle={Protostars and Planets II},
  editor={Black, David C. and Matthews, Mildred Shapley},
  pages={981--1072},
  year={1985},
  publisher={The University of Arizona Press}
}

@inproceedings{kenyon1990,
  title={Symbiotic stars},
  author={Kenyon, Scott J},
  booktitle={Cool Stars, Stellar Systems, and the Sun: Sixth Cambridge Workshop},
  editor={Wallerstein, George},
  pages={206--216},
  year={1990},
  publisher={Springer} 
}

@inproceedings{okazaki2000,
  title={Theory of Global Disk Oscillations},
  author={Okazaki, Atsuo T},
  booktitle={Proceedings of the International Astronomical Union Colloquium: the BE phenomenon in early-type stars},
  editor={Smith, Myron and Henrichs, Huib and Fabregat, Juan},
  pages={409--421},
  year={2000},
  publisher={Cambridge University Press}
}

@inproceedings{knigge2011,
  title={The Evolution of Cataclysmic Variables},
  author={Knigge, Christian},
  booktitle={Evolution of Compact Binaries},
  editor={Schmidtobreick, M and Schreiber, M and Tappert, C},
  URL={arXiv preprint arXiv:1108.4716},
  publisher={American Society of the Pacific},
  year={2011}
}

@techreport{naumann1999,
  title={Spacelab Science Results Study, Volume II: Microgravity Science},
  author={Naumann, RJ},
  institution={University of Alabama in Huntsville},
  number={NAS8-97-95},
  year={1999},
  month={August}
}

@article{nauman2016sustained,
  title={Sustained turbulence in differentially rotating magnetized fluids at a low magnetic Prandtl number},
  author={Nauman, Farrukh and Pessah, Martin E},
  journal={\apj},
  volume={833},
  number={2},
  pages={187},
  year={2016},
  publisher={IOP Publishing}
}

@article{1973shakura,
  author = {{Shakura}, N.I. and {Sunyaev}, R.A.},
  title = "{Black holes in binary systems. Observational appearance.}",
  journal = {\aap},
  year = 1973,
  volume = 24,
  pages = {337-355},
  adsurl = {http://adsabs.harvard.edu/abs/1973A26A....24..337S},
  adsnote = {Provided by the SAO/NASA Astrophysics Data System}
}

@article{smak1971,
  title={Eruptive Binaries. II. U Geminorum},
  author={Smak, J},
  journal={Acta Astronomica},
  volume={21},
  pages={15},
  year={1971}
}

@article{pfeilklahr2019,
  title={Mapping the conditions for hydrodynamic instability on steady-state accretion models of protoplanetary disks},
  author={Pfeil, Thomas and Klahr, Hubert},
  journal={\apj},
  volume={871},
  number={2},
  pages={150},
  year={2019},
  publisher={IOP Publishing}
}

@article{DAlessio1998,
  title={Accretion disks around young objects. I. The detailed vertical structure},
  author={D'Alessio, Paola and Cant{\"o}, Jorge and Calvet, Nuria and Lizano, Susana},
  journal={\apj},
  volume={500},
  number={1},
  pages={411},
  year={1998},
  publisher={IOP Publishing}
}

@article{1991balbus,
   author = {{Balbus}, S.A. and {Hawley}, J.F.},
    title = "{A powerful local shear instability in weakly magnetized disks. I - Linear analysis. II - Nonlinear evolution}",
  journal = {\apj},
 keywords = {Accretion Disks, Magnetohydrodynamic Stability, Stellar Magnetic Fields, Stellar Mass Accretion, Boussinesq Approximation, Computational Astrophysics, Linear Systems},
     year = 1991,
    month = jul,
   volume = 376,
    pages = {214-233},
      doi = {10.1086/170270},
   adsurl = {http://adsabs.harvard.edu/abs/1991ApJ...376..214B},
  adsnote = {Provided by the SAO/NASA Astrophysics Data System}
}

@article{aurnou2015,
  title={Rotating convective turbulence in Earth and planetary cores},
  author={Aurnou, JM and Calkins, MA and Cheng, JS and Julien, K and King, EM and Nieves, D and Soderlund, KM and Stellmach, S},
  journal={Physics of the Earth and Planetary Interiors},
  volume={246},
  pages={52--71},
  year={2015},
  publisher={Elsevier}
}

@article{spruit1990solar,
  title={Solar convection},
  author={Spruit, Henk C. and Nordlund, A. and Title, A.M.},
  journal={Annual Review of \aap},
  volume={28},
  number={1},
  pages={263--303},
  year={1990},
  publisher={Annual Reviews 4139 El Camino Way, PO Box 10139, Palo Alto, CA 94303-0139, USA}
}

@article{2007king,
  author = {King, A. R. and Pringle, J. E. and Livio, M.},
  title = {Accretion disc viscosity: how big is alpha?},
  journal = {\mnras},
  volume = {376},
  number = {4},
  pages = {1740-1746},
  year = {2007},
  doi = {10.1111/j.1365-2966.2007.11556.x},
  URL = { + http://dx.doi.org/10.1111/j.1365-2966.2007.11556.x},
  eprint = {/oup/backfile/content_public/journal/mnras/376/4/10.1111_j.1365-2966.2007.11556.x/1/mnras0376-1740.pdf}
}

@article{lesur2010angular,
  title={On the angular momentum transport due to vertical convection in accretion discs},
  author={Lesur, Geoffroy and Ogilvie, Gordon I},
  journal={\mnras: Letters},
  volume={404},
  number={1},
  pages={L64--L68},
  year={2010},
  publisher={Oxford Uniersity Press}
}

@article{ryan2017,
  title={Resolution dependence of magnetorotational turbulence in the isothermal stratified shearing box},
  author={Ryan, Benjamin R and Gammie, Charles F and Fromang, Sebastien and Kestener, Pierre},
  journal={\apj},
  volume={840},
  number={1},
  pages={6},
  year={2017},
  publisher={IOP Publishing}
}

@article{hawley1995,
  title={Local three-dimensional magnetohydrodynamic simulations of accretion disks},
  author={Hawley, John F and Gammie, Charles F and Balbus, Steven A},
  journal={\apj},
  volume={440},
  pages={742},
  year={1995}
}

@article{bodo2012magnetorotational,
  title={Magnetorotational turbulence in stratified shearing boxes with perfect gas equation of state and finite thermal diffusivity},
  author={Bodo, G and Cattaneo, F and Mignone, A and Rossi, P},
  journal={\apj},
  volume={761},
  number={2},
  pages={116},
  year={2012},
  publisher={IOP Publishing}
}

@article{bodo2013fully,
  title={Fully Convective Magnetorotational Turbulence in Stratified Shearing Boxes},
  author={Bodo, G and Cattaneo, F and Mignone, A and Rossi, P},
  journal={\apjl},
  volume={771},
  number={2},
  pages={L23},
  year={2013},
  publisher={IOP Publishing}
}

@article{hirose2014,
  title={Convection causes enhanced magnetic turbulence in accretion disks in outburst},
  author={Hirose, Shigenobu and Blaes, Omer and Krolik, Julian H and Coleman, Matthew SB and Sano, Takayoshi},
  journal={\apj},
  volume={787},
  number={1},
  pages={1},
  year={2014},
  publisher={IOP Publishing}
}

@article{bodo2015fully,
  title={Fully Convective Magneto-rotational Turbulence in Large Aspect-ratio Shearing Boxes},
  author={Bodo, G and Cattaneo, F and Mignone, A and Rossi, P},
  journal={\apj},
  volume={799},
  number={1},
  pages={20},
  year={2015},
  publisher={IOP Publishing}
}

@article{brandenburg1995dynamo,
  title={Dynamo-generated turbulence and large-scale magnetic fields in a Keplerian shear flow},
  author={Brandenburg, Axel and Nordlund, Ake and Stein, Robert F and Torkelsson, Ulf},
  journal={\apj},
  volume={446},
  pages={741},
  year={1995}
}

@article{mignone2007,
  title={PLUTO: a numerical code for computational astrophysics},
  author={Mignone, A and Bodo, G and Massaglia, S and Matsakos, Titos and Tesileanu, O and Zanni, C and Ferrari, A},
  journal={\apjs},
  volume={170},
  number={1},
  pages={228},
  year={2007},
  publisher={IOP Publishing}
}

@article{lin1980structure,
  title={On the structure and evolution of the primordial solar nebula},
  author={Lin, DNC and Papaloizou, J},
  journal={\mnras},
  volume={191},
  number={1},
  pages={37--48},
  year={1980},
  publisher={Oxford Uniersity Press}
}

@article{ruden1988axisymmetric,
  title={Axisymmetric perturbations of thin gaseous disks. I-Unstable convective modes and their consequences for the solar nebula},
  author={Ruden, Steven P and Papaloizou, JCB and Lin, DNC},
  journal={\apj},
  volume={329},
  pages={739--763},
  year={1988}
}

@article{pringle1981,
  title={Accretion discs in astrophysics},
  author={Pringle, JE},
  journal={Annual Review of \aap},
  volume={19},
  number={1},
  pages={137--160},
  year={1981},
  publisher={Annual Reviews 4139 El Camino Way, PO Box 10139, Palo Alto, CA 94303-0139, USA}
}

@article{king2007accretion,
  title={Accretion disc viscosity: how big is alpha?},
  author={King, AR and Pringle, JE and Livio, M},
  journal={\mnras},
  volume={376},
  number={4},
  pages={1740--1746},
  year={2007},
  publisher={Oxford Uniersity Press}
}

@article{balbus1991powerful,
  title={A powerful local shear instability in weakly magnetized disks. I-Linear analysis. II-Nonlinear evolution},
  author={Balbus, Steven A and Hawley, John F},
  journal={\apj},
  volume={376},
  pages={214--233},
  year={1991}
}

@article{kley1993angular,
  title={On the angular momentum transport associated with convective eddies in accretion disks},
  author={Kley, W and Papaloizou, JCB and Lin, DNC},
  journal={\apj},
  volume={416},
  pages={679},
  year={1993}
}

@article{lin1993nonaxisymmetric,
  title={On the nonaxisymmetric convective instabilities in accretion disks},
  author={Lin, DNC and Papaloizou, JCB and Kley, W},
  journal={\apj},
  volume={416},
  pages={689},
  year={1993}
}

@article{ryu1992convective,
  title={Convective instability in differentially rotating disks},
  author={Ryu, Dongsu and Goodman, Jeremy},
  journal={\apj},
  volume={388},
  pages={438--450},
  year={1992}
}

@article{stone1996angular,
  title={Angular momentum transport in accretion disks via convection},
  author={Stone, James M and Balbus, Steven A},
  journal={\apj},
  volume={464},
  pages={364},
  year={1996}
}

@article{cabot1996numerical,
  title={Numerical simulations of circumstellar disk convection},
  author={Cabot, W},
  journal={\apj},
  volume={465},
  pages={874},
  year={1996}
}

@article{kapyla2010angular,
  title={Angular momentum transport in convectively unstable shear flows},
  author={K{\"a}pyl{\"a}, Petri J and Brandenburg, Axel and Korpi, Maarit J and Snellman, Jan E and Narayan, Ramesh},
  journal={\apj},
  volume={719},
  number={1},
  pages={67},
  year={2010},
  publisher={IOP Publishing}
}

@article{latter2010mri,
  title={MRI channel flows in vertically stratified models of accretion discs},
  author={Latter, Henrik N and Fromang, Sebastien and Gressel, Oliver},
  journal={\mnras},
  volume={406},
  number={2},
  pages={848--862},
  year={2010},
  publisher={The Royal Astronomical Society}
}

@article{goldreich1965,
author = {Goldreich, P. and Lynden-Bell, D.},
title = {II. Spiral Arms as Sheared Gravitational Instabilities},
journal = {\mnras},
volume = {130},
number = {2},
pages = {125-158},
year = {1965},
doi = {10.1093/mnras/130.2.125},
URL = { + http://dx.doi.org/10.1093/mnras/130.2.125},
eprint = {/oup/backfile/content_public/journal/mnras/130/2/10.1093_mnras_130.2.125/2/mnras130-0125.pdf}
}
  
@article{alexiades1996super,
  title={Super-time-stepping acceleration of explicit schemes for parabolic problems},
  author={Alexiades, Vasilios and Amiez, Genevi{\'e}ve and Gremaud, Pierre-Alain},
  journal={Communications in Numerical Methods in Engineering},
  volume={12},
  number={1},
  pages={31--42},
  year={1996},
  publisher={Chichester, England; New York: Wiley, 1993-}
}

@article{zingale2002mapping,
  title={Mapping initial hydrostatic models in Godunov codes},
  author={Zingale, M and Dursi, LJ and ZuHone, J and Calder, AC and Fryxell, B and Plewa, T and Truran, JW and Caceres, A and Olson, K and Ricker, PM and others},
  journal={\apjs},
  volume={143},
  number={2},
  pages={539},
  year={2002},
  publisher={IOP Publishing}
}

@article{bell427jun,
  title={Jun. 1994. Using FU Orionis outbursts to constrain self-regulated protostellar disk models},
  author={Bell, KR and Lin, DNC},
  journal={\apj},
  volume={427},
  pages={987--1004},
  year={1994}
}

@article{kotko2012viscosity,
  title={The viscosity parameter $\alpha$ and the properties of accretion disc outbursts in close binaries},
  author={Kotko, Iwona and Lasota, J-P},
  journal={\aap},
  volume={545},
  pages={A115},
  year={2012},
  publisher={EDP Sciences}
}

@article{latter2017local,
  title={Local models of astrophysical discs},
  author={Latter, Henrik N and Papaloizou, John},
  journal={\mnras},
  volume={472},
  pages={1432--1446},
  year={2017}
}

@article{1992stonenormanZEUS,
  author = {{Stone}, J.~M. and {Norman}, M.~L.},
  title = "{ZEUS-2D: A radiation magnetohydrodynamics code for astrophysical flows in two space dimensions. I - The hydrodynamic algorithms and tests.}",
  journal = {\apjs},
 keywords = {Computational Astrophysics, Cosmic Plasma, Hydrodynamic Equations, Magnetohydrodynamic Flow, Self Consistent Fields, Computational Grids, Finite Difference Theory, Plasma Radiation, Poisson Equation, Radiative Transfer},
   year={1992},
   month={jun},
   volume={80},
   pages={753-790},
   doi={10.1086/191680},
   adsurl={http://adsabs.harvard.edu/abs/1992ApJS...80..753S},
   adsnote={Provided by the SAO/NASA Astrophysics Data System}
}

@article{STONE1999261,
  title={The ZEUS code for astrophysical magnetohydrodynamics: new extensions and applications},
  journal={Journal of Computational and Applied Mathematics},
  volume={109},
  number={1},
  pages={261 - 280},
  year={1999},
  issn={0377-0427},
  doi={https://doi.org/10.1016/S0377-0427(99)00204-6},
  url={http://www.sciencedirect.com/science/article/pii/S0377042799002046},
  author={James M. Stone},
}

@article{favierproctor,
  author = {B. Favier and L. J. Silvers and M. R. E. Proctor},
  title = {Inverse cascade and symmetry breaking in rapidly rotating Boussinesq convection},
  journal = {Physics of Fluids},
  volume = {26},
  number = {9},
  pages = {096605},
  year = {2014},
  doi = {10.1063/1.4895131},
  URL = {http://dx.doi.org/10.1063/1.4895131},
  eprint = {http://dx.doi.org/10.1063/1.4895131}
}

@article{guervilly2014large,
  title={Large-scale vortices in rapidly rotating Rayleigh--B{\'e}nard convection},
  author={Guervilly, C{\'e}line and Hughes, David W and Jones, Chris A},
  journal={Journal of Fluid Mechanics},
  volume={758},
  pages={407--435},
  year={2014},
  publisher={Cambridge University Press}
}

@article{julien2012,
  title={Heat transport in low-Rossby-number Rayleigh-B{\'e}nard convection},
  author={Julien, Keith and Knobloch, Edgar and Rubio, Antonio M and Vasil, Geoffrey M},
  journal={Physical Review Letters},
  volume={109},
  number={25},
  pages={254503},
  year={2012},
  publisher={APS}
}

@article{rubio2014,
  title={Upscale energy transfer in three-dimensional rapidly rotating turbulent convection},
  author={Rubio, Antonio M and Julien, Keith and Knobloch, Edgar and Weiss, Jeffrey B},
  journal={Physical review letters},
  volume={112},
  number={14},
  pages={144501},
  year={2014},
  publisher={APS}
}

@article{nelson2013linear,
  title={Linear and non-linear evolution of the vertical shear instability in accretion discs},
  author={Nelson, Richard P and Gressel, Oliver and Umurhan, Orkan M},
  journal={\mnras},
  volume={435},
  number={3},
  pages={2610--2632},
  year={2013},
  publisher={Oxford Uniersity Press}
}

@ARTICLE{riols2017gravitoturbulence,
       author = {{Riols}, A. and {Latter}, H. and {Paardekooper}, S. -J.},
        title = "{Gravitoturbulence and the excitation of small-scale parametric instability in astrophysical discs}",
      journal = {\mnras},
     keywords = {accretion, accretion discs, instabilities, turbulence, protoplanetary discs, Astrophysics - Earth and Planetary Astrophysics, Astrophysics - High Energy Astrophysical Phenomena},
         year = 2017,
        month = oct,
       volume = {471},
       number = {1},
        pages = {317-336},
          doi = {10.1093/mnras/stx1548},
}



@article{armitage2011,
  title={Dynamics of protoplanetary disks},
  author={Armitage, Philip J},
  journal={Annual Review of \aap},
  volume={49},
  pages={195--236},
  year={2011},
  publisher={Annual Reviews}
}

@article{stone2008athena,
  title={Athena: a new code for astrophysical MHD},
  author={Stone, James M and Gardiner, Thomas A and Teuben, Peter and Hawley, John F and Simon, Jacob B},
  journal={\apjs},
  volume={178},
  number={1},
  pages={137},
  year={2008},
  publisher={IOP Publishing}
}

@article{stone2010implementation,
  title={Implementation of the shearing box approximation in Athena},
  author={Stone, James M and Gardiner, Thomas A},
  journal={\apjs},
  volume={189},
  number={1},
  pages={142},
  year={2010},
  publisher={IOP Publishing}
}

@article{busse1970differential,
  title={Differential rotation in stellar convection zones},
  author={Busse, FH},
  journal={\apj},
  volume={159},
  pages={629},
  year={1970}
}

@article{sun1993banded,
  title={Banded surface flow maintained by convection in a model of the rapidly rotating giant planets},
  author={Sun, Zi-Ping and Schubert, Gerald and Glatzmaier, Gary A},
  journal={Science},
  volume={260},
  number={5108},
  pages={661--664},
  year={1993},
  publisher={American Association for the Advancement of Science}
}

@article{simon2012emergent,
  title={Emergent mesoscale phenomena in magnetized accretion disc turbulence},
  author={Simon, Jacob B and Beckwith, Kris and Armitage, Philip J},
  journal={\mnras},
  volume={422},
  number={3},
  pages={2685--2700},
  year={2012},
  publisher={The Royal Astronomical Society}
}

@article{klahr1999azimuthal,
  title={On the azimuthal structure of thermal convection in circumstellar disks},
  author={Klahr, HH and Henning, Th and Kley, W},
  journal={\apj},
  volume={514},
  number={1},
  pages={325},
  year={1999},
  publisher={IOP Publishing}
}

@article{hirose2015,
  title={Magnetic turbulence and thermodynamics in the inner region of protoplanetary discs},
  author={Hirose, Shigenobu},
  journal={\mnras},
  volume={448},
  number={4},
  pages={3105--3120},
  year={2015},
  publisher={Oxford Uniersity Press}
}

@article{tetarenko2018strong,
  title={Strong disk winds traced throughout outbursts in black-hole X-ray binaries},
  author={Tetarenko, BE and Lasota, J-P and Heinke, CO and Dubus, G and Sivakoff, GR},
  journal={Nature},
  year={2018},
  publisher={Nature Publishing Group}
}

@article{chiang1997spectral,
  title={Spectral energy distributions of T Tauri stars with passive circumstellar disks},
  author={Chiang, EI and Goldreich, P},
  journal={\apj},
  volume={490},
  number={1},
  pages={368},
  year={1997},
  publisher={IOP Publishing}
}

@article{balbus1998instability,
  title={Instability, turbulence, and enhanced transport in accretion disks},
  author={Balbus, Steven A and Hawley, John F},
  journal={Reviews of Modern Physics},
  volume={70},
  number={1},
  pages={1},
  year={1998},
  publisher={APS}
}

@article{d1998accretion,
  title={Accretion disks around young objects. I. The detailed vertical structure},
  author={D'Alessio, Paola and Cant{\"o}, Jorge and Calvet, Nuria and Lizano, Susana},
  journal={\apj},
  volume={500},
  number={1},
  pages={411},
  year={1998},
  publisher={IOP Publishing}
}

@article{gammie2001nonlinear,
  title={Nonlinear outcome of gravitational instability in cooling, gaseous disks},
  author={Gammie, Charles F},
  journal={\apj},
  volume={553},
  number={1},
  pages={174},
  year={2001},
  publisher={IOP Publishing}
}

@article{fromang2007,
  title={MHD simulations of the magnetorotational instability in a shearing box with zero net flux-I. The issue of convergence},
  author={Fromang, S{\'e}bastien and Papaloizou, John},
  journal={\aap},
  volume={476},
  number={3},
  pages={1113--1122},
  year={2007},
  publisher={EDP Sciences}
}

@article{boley2006hydraulic,
  title={Hydraulic/shock jumps in protoplanetary disks},
  author={Boley, Aaron C and Durisen, RH},
  journal={\apj},
  volume={641},
  number={1},
  pages={534},
  year={2006},
  publisher={IOP Publishing}
}

@article{lyra2016shocks,
  title={On Shocks Driven by High-mass Planets in Radiatively Inefficient Disks. II. Three-dimensional Global Disk Simulations},
  author={Lyra, Wladimir and Richert, Alexander JW and Boley, Aaron and Turner, Neal and Mac Low, Mordecai-Mark and Okuzumi, Satoshi and Flock, Mario},
  journal={\apj},
  volume={817},
  number={2},
  pages={102},
  year={2016},
  publisher={IOP Publishing}
}

@article{bethune2017,
       author = {{B{\'e}thune}, William and {Lesur}, Geoffroy and {Ferreira}, Jonathan},
        title = "{Global simulations of protoplanetary disks with net magnetic flux. I. Non-ideal MHD case}",
      journal = {\aap},
     keywords = {accretion, accretion disks, magnetohydrodynamics (MHD), protoplanetary disks, stars: formation, turbulence, Astrophysics - Earth and Planetary Astrophysics},
         year = {2017},
        month = {Apr},
       volume = {600},
          eid = {A75},
        pages = {A75},
          doi = {10.1051/0004-6361/201630056},
archivePrefix = {arXiv},
       eprint = {1612.00883},
 primaryClass = {astro-ph.EP},
       adsurl = {https://ui.adsabs.harvard.edu/abs/2017A&A...600A..75B},
      adsnote = {Provided by the SAO/NASA Astrophysics Data System}
}

@article{coleman2018,
  title={Convection Enhances Magnetic Turbulence in AM CVn Accretion Disks},
  author={Coleman, Matthew SB and Blaes, Omer and Hirose, Shigenobu and Hauschildt, Peter H},
  journal={\apj},
  volume={857},
  number={1},
  pages={52},
  year={2018},
  publisher={IOP Publishing}
}

@article{ryan2017...840....6R,
   author = {{Ryan}, B.~R. and {Gammie}, C.~F. and {Fromang}, S. and {Kestener}, P.
	},
    title = "{Resolution Dependence of Magnetorotational Turbulence in the Isothermal Stratified Shearing Box}",
  journal = {\apj},
archivePrefix = "arXiv",
   eprint = {1702.00777},
 primaryClass = "astro-ph.HE",
 keywords = {accretion, accretion disks, magnetohydrodynamics: MHD, turbulence},
     year = 2017,
    month = may,
   volume = 840,
      eid = {6},
    pages = {6},
      doi = {10.3847/1538-4357/aa6a52},
   adsurl = {https://ui.adsabs.harvard.edu/abs/2017ApJ...840....6R},
  adsnote = {Provided by the SAO/NASA Astrophysics Data System}
}

@article{bodo2014,
  author = {{Bodo}, G. and {Cattaneo}, F. and {Mignone}, A. and {Rossi}, P.},
  title = "{On the Convergence of Magnetorotational Turbulence in Stratified Isothermal Shearing Boxes}",
  journal = {\apjl},
  archivePrefix = "arXiv",
  eprint = {1404.6079},
  primaryClass = "astro-ph.HE",
  keywords = {accretion, accretion disks, dynamo, magnetohydrodynamics: MHD, turbulence },
  year = 2014,
  month = may,
  volume = 787,
  eid = {L13},
  pages = {L13},
  adsurl = {https://ui.adsabs.harvard.edu/abs/2014ApJ...787L..13B},
  adsnote = {Provided by the SAO/NASA Astrophysics Data System}
}

@article{gressel2013,
   author = {{Gressel}, O.},
    title = "{Dynamo Effects in Magnetorotational Turbulence with Finite Thermal Diffusivity}",
  journal = {\apj},
archivePrefix = "arXiv",
   eprint = {1304.2587},
 primaryClass = "astro-ph.HE",
 keywords = {accretion, accretion disks, dynamo, magnetohydrodynamics: MHD, turbulence },
     year = 2013,
    month = jun,
   volume = 770,
      eid = {100},
    pages = {100},
      doi = {10.1088/0004-637X/770/2/100},
   adsurl = {https://ui.adsabs.harvard.edu/abs/2013ApJ...770..100G},
  adsnote = {Provided by the SAO/NASA Astrophysics Data System}
}

@article{guangammie2011,
   author = {{Guan}, X. and {Gammie}, C.~F.},
    title = "{Radially Extended, Stratified, Local Models of Isothermal Disks}",
  journal = {\apj},
archivePrefix = "arXiv",
   eprint = {1012.3789},
 primaryClass = "astro-ph.HE",
 keywords = {accretion, accretion disks, magnetic fields, magnetohydrodynamics: MHD},
     year = 2011,
    month = feb,
   volume = 728,
      eid = {130},
    pages = {130},
      doi = {10.1088/0004-637X/728/2/130},
   adsurl = {https://ui.adsabs.harvard.edu/abs/2011ApJ...728..130G},
  adsnote = {Provided by the SAO/NASA Astrophysics Data System}
}

@article{bodo2011,
   author = {{Bodo}, G. and {Cattaneo}, F. and {Ferrari}, A. and {Mignone}, A. and 
	{Rossi}, P.},
    title = "{Symmetries, Scaling Laws, and Convergence in Shearing-box Simulations of Magneto-rotational Instability Driven Turbulence}",
  journal = {\apj},
archivePrefix = "arXiv",
   eprint = {1106.5727},
 primaryClass = "astro-ph.HE",
 keywords = {accretion, accretion disks, dynamo, magnetohydrodynamics: MHD, turbulence},
     year = 2011,
    month = oct,
   volume = 739,
      eid = {82},
    pages = {82},
      doi = {10.1088/0004-637X/739/2/82},
   adsurl = {https://ui.adsabs.harvard.edu/abs/2011ApJ...739...82B},
  adsnote = {Provided by the SAO/NASA Astrophysics Data System}
}

@article{gressel2010,
   author = {{Gressel}, O.},
    title = "{A mean-field approach to the propagation of field patterns in stratified magnetorotational turbulence}",
  journal = {\mnras},
archivePrefix = "arXiv",
   eprint = {1001.5250},
 primaryClass = "astro-ph.EP",
 keywords = {accretion, accretion discs, MHD, methods: numerical},
     year = 2010,
    month = jun,
   volume = 405,
    pages = {41-48},
      doi = {10.1111/j.1365-2966.2010.16440.x},
   adsurl = {https://ui.adsabs.harvard.edu/abs/2010MNRAS.405...41G},
  adsnote = {Provided by the SAO/NASA Astrophysics Data System}
}

@article{millerstone2000,
   author = {{Miller}, K.~A. and {Stone}, J.~M.},
    title = "{The Formation and Structure of a Strongly Magnetized Corona above a Weakly Magnetized Accretion Disk}",
  journal = {\apj},
   eprint = {astro-ph/9912135},
 keywords = {ACCRETION, ACCRETION DISKS, INSTABILITIES, MAGNETOHYDRODYNAMICS: MHD, TURBULENCE},
     year = 2000,
    month = may,
   volume = 534,
    pages = {398-419},
      doi = {10.1086/308736},
   adsurl = {https://ui.adsabs.harvard.edu/abs/2000ApJ...534..398M},
  adsnote = {Provided by the SAO/NASA Astrophysics Data System}
}

@article{hawley1996local,
  title={Local three-dimensional simulations of an accretion disk hydromagnetic dynamo},
  author={Hawley, John F and Gammie, Charles F and Balbus, Steven A},
  journal={\apj v. 464, p. 690},
  volume={464},
  pages={690},
  year={1996}
}

@article{stonehawley1996,
   author = {{Stone}, J.~M. and {Hawley}, J.~F. and {Gammie}, C.~F. and {Balbus}, S.~A.
	},
    title = "{Three-dimensional Magnetohydrodynamical Simulations of Vertically Stratified Accretion Disks}",
  journal = {\apj},
 keywords = {ACCRETION, ACCRETION DISKS, INSTABILITIES, MAGNETOHYDRODYNAMICS: MHD, METHODS: NUMERICAL},
     year = 1996,
    month = jun,
   volume = 463,
    pages = {656},
      doi = {10.1086/177280},
   adsurl = {https://ui.adsabs.harvard.edu/abs/1996ApJ...463..656S},
  adsnote = {Provided by the SAO/NASA Astrophysics Data System}
}

@article{latter2012,
   author = {{Latter}, H.~N. and {Papaloizou}, J.~C.~B.},
    title = "{Hysteresis and thermal limit cycles in MRI simulations of accretion discs}",
  journal = {\mnras},
archivePrefix = "arXiv",
   eprint = {1207.4727},
 primaryClass = "astro-ph.HE",
 keywords = {instabilities, MHD, turbulence, stars: dwarf novae, novae, cataclysmic variables},
     year = 2012,
    month = oct,
   volume = 426,
    pages = {1107-1120},
      doi = {10.1111/j.1365-2966.2012.21748.x},
   adsurl = {https://ui.adsabs.harvard.edu/abs/2012MNRAS.426.1107L},
  adsnote = {Provided by the SAO/NASA Astrophysics Data System}
}

@article{davisstonepesssah2010,
   author = {{Davis}, S.~W. and {Stone}, J.~M. and {Pessah}, M.~E.},
    title = "{Sustained Magnetorotational Turbulence in Local Simulations of Stratified Disks with Zero Net Magnetic Flux}",
  journal = {\apj},
archivePrefix = "arXiv",
   eprint = {0909.1570},
 primaryClass = "astro-ph.HE",
 keywords = {accretion, accretion disks, hydrodynamics, methods: numerical},
     year = 2010,
    month = apr,
   volume = 713,
    pages = {52-65},
      doi = {10.1088/0004-637X/713/1/52},
   adsurl = {https://ui.adsabs.harvard.edu/abs/2010ApJ...713...52D},
  adsnote = {Provided by the SAO/NASA Astrophysics Data System}
}

@article{simon2011,
   author = {{Simon}, J.~B. and {Hawley}, J.~F. and {Beckwith}, K.},
    title = "{Resistivity-driven State Changes in Vertically Stratified Accretion Disks}",
  journal = {\apj},
archivePrefix = "arXiv",
   eprint = {1010.0005},
 primaryClass = "astro-ph.HE",
 keywords = {accretion, accretion disks, magnetohydrodynamics: MHD},
     year = 2011,
    month = apr,
   volume = 730,
      eid = {94},
    pages = {94},
      doi = {10.1088/0004-637X/730/2/94},
   adsurl = {https://ui.adsabs.harvard.edu/abs/2011ApJ...730...94S},
  adsnote = {Provided by the SAO/NASA Astrophysics Data System}
}

@article{simonbeckwitharmitage2012,
   author = {{Simon}, J.~B. and {Beckwith}, K. and {Armitage}, P.~J.},
    title = "{Emergent mesoscale phenomena in magnetized accretion disc turbulence}",
  journal = {\mnras},
archivePrefix = "arXiv",
   eprint = {1203.0314},
 primaryClass = "astro-ph.SR",
 keywords = {accretion, accretion discs, instabilities, MHD, turbulence},
     year = 2012,
    month = may,
   volume = 422,
    pages = {2685-2700},
      doi = {10.1111/j.1365-2966.2012.20835.x},
   adsurl = {https://ui.adsabs.harvard.edu/abs/2012MNRAS.422.2685S},
  adsnote = {Provided by the SAO/NASA Astrophysics Data System}
}

@article{lasota2001,
       author = {{Lasota}, Jean-Pierre},
        title = "{The disc instability model of dwarf novae and low-mass X-ray binary transients}",
      journal = {New Astronomy Reviews},
     keywords = {Astrophysics},
         year = "2001",
        month = "Jun",
       volume = {45},
       number = {7},
        pages = {449-508},
          doi = {10.1016/S1387-6473(01)00112-9},
archivePrefix = {arXiv},
       eprint = {astro-ph/0102072},
 primaryClass = {astro-ph},
       adsurl = {https://ui.adsabs.harvard.edu/abs/2001NewAR..45..449L},
      adsnote = {Provided by the SAO/NASA Astrophysics Data System}
}

@article{paczynski1976,
       author = {{Paczynski}, B.},
        title = "{Close Binaries}",
      journal = {Comments on Astrophysics},
         year = "1976",
        month = "Jan",
       volume = {6},
        pages = {95},
       adsurl = {https://ui.adsabs.harvard.edu/abs/1976ComAp...6...95P},
      adsnote = {Provided by the SAO/NASA Astrophysics Data System}
}

@article{vila1978,
       author = {{Vila}, S.~C.},
        title = "{Convection as a source of viscosity for accretion disks of cataclysmic binaries.}",
      journal = {\apj},
     keywords = {Binary Stars, Convective Flow, Disks (Shapes), Dwarf Stars, Novae, Stellar Mass Accretion, Angular Momentum, Astronomical Models, Stellar Evolution, Viscosity, Astrophysics, Accretion Disks:Convection, Accretion Disks:Models, Dwarf Novae:Mass Transfer},
         year = "1978",
        month = "Aug",
       volume = {223},
        pages = {979-981},
          doi = {10.1086/156330},
       adsurl = {https://ui.adsabs.harvard.edu/abs/1978ApJ...223..979V},
      adsnote = {Provided by the SAO/NASA Astrophysics Data System}
}

@article{blaeskrolik2011,
   author = {{Blaes}, O. and {Krolik}, J.~H. and {Hirose}, S. and {Shabaltas}, N.
	},
    title = "{Dissipation and Vertical Energy Transport in Radiation-dominated Accretion Disks}",
  journal = {\apj},
archivePrefix = "arXiv",
   eprint = {1103.5052},
 primaryClass = "astro-ph.HE",
 keywords = {accretion, accretion disks, magnetohydrodynamics: MHD, radiative transfer, turbulence, waves},
     year = 2011,
    month = jun,
   volume = 733,
      eid = {110},
    pages = {110},
      doi = {10.1088/0004-637X/733/2/110},
   adsurl = {https://ui.adsabs.harvard.edu/abs/2011ApJ...733..110B},
  adsnote = {Provided by the SAO/NASA Astrophysics Data System}
}

@article{hirosekrolik2006,
   author = {{Hirose}, S. and {Krolik}, J.~H. and {Stone}, J.~M.},
    title = "{Vertical Structure of Gas Pressure-dominated Accretion Disks with Local Dissipation of Turbulence and Radiative Transport}",
  journal = {\apj},
   eprint = {astro-ph/0510741},
 keywords = {Accretion, Accretion Disks},
     year = 2006,
    month = apr,
   volume = 640,
    pages = {901-917},
      doi = {10.1086/499153},
   adsurl = {https://ui.adsabs.harvard.edu/abs/2006ApJ...640..901H},
  adsnote = {Provided by the SAO/NASA Astrophysics Data System}
}

@article{turnerstone2002,
   author = {{Turner}, N.~J. and {Stone}, J.~M. and {Sano}, T.},
    title = "{Local Axisymmetric Simulations of Magnetorotational Instability in Radiation-dominated Accretion Disks}",
  journal = {\apj},
   eprint = {astro-ph/0110272},
 keywords = {Accretion, Accretion Disks, Instabilities, Magnetohydrodynamics: MHD, Radiative Transfer},
     year = 2002,
    month = feb,
   volume = 566,
    pages = {148-163},
      doi = {10.1086/338081},
   adsurl = {https://ui.adsabs.harvard.edu/abs/2002ApJ...566..148T},
  adsnote = {Provided by the SAO/NASA Astrophysics Data System}
}

@article{turnerstone2003,
   author = {{Turner}, N.~J. and {Stone}, J.~M. and {Krolik}, J.~H. and {Sano}, T.
	},
    title = "{Local Three-dimensional Simulations of Magnetorotational Instability in Radiation-dominated Accretion Disks}",
  journal = {\apj},
   eprint = {astro-ph/0304511},
 keywords = {Accretion, Accretion Disks, Instabilities, Magnetohydrodynamics: MHD, Radiative Transfer},
     year = 2003,
    month = aug,
   volume = 593,
    pages = {992-1006},
      doi = {10.1086/376615},
   adsurl = {https://ui.adsabs.harvard.edu/abs/2003ApJ...593..992T},
  adsnote = {Provided by the SAO/NASA Astrophysics Data System}
}


@article{turner2004,
   author = {{Turner}, N.~J.},
    title = "{On the Vertical Structure of Radiation-dominated Accretion Disks}",
  journal = {\apj},
   eprint = {astro-ph/0402539},
 keywords = {Accretion, Accretion Disks, Instabilities, Magnetohydrodynamics: MHD, Radiative Transfer},
     year = 2004,
    month = apr,
   volume = 605,
    pages = {L45-L48},
      doi = {10.1086/386545},
   adsurl = {https://ui.adsabs.harvard.edu/abs/2004ApJ...605L..45T},
  adsnote = {Provided by the SAO/NASA Astrophysics Data System}
}

@article{bodo2012,
   author = {{Bodo}, G. and {Cattaneo}, F. and {Mignone}, A. and {Rossi}, P.
	},
    title = "{Magnetorotational Turbulence in Stratified Shearing Boxes with Perfect Gas Equation of State and Finite Thermal Diffusivity}",
  journal = {\apj},
archivePrefix = "arXiv",
   eprint = {1210.6443},
 primaryClass = "astro-ph.HE",
 keywords = {accretion, accretion disks, dynamo, magnetohydrodynamics: MHD, turbulence },
     year = 2012,
    month = dec,
   volume = 761,
      eid = {116},
    pages = {116},
      doi = {10.1088/0004-637X/761/2/116},
   adsurl = {https://ui.adsabs.harvard.edu/abs/2012ApJ...761..116B},
  adsnote = {Provided by the SAO/NASA Astrophysics Data System}
}

@article{bodo2013,
   author = {{Bodo}, G. and {Cattaneo}, F. and {Mignone}, A. and {Rossi}, P.
	},
    title = "{Fully Convective Magnetorotational Turbulence in Stratified Shearing Boxes}",
  journal = {\apj},
archivePrefix = "arXiv",
   eprint = {1306.3386},
 primaryClass = "astro-ph.HE",
 keywords = {accretion, accretion disks, dynamo, magnetohydrodynamics: MHD, turbulence },
     year = 2013,
    month = jul,
   volume = 771,
      eid = {L23},
    pages = {L23},
      doi = {10.1088/2041-8205/771/2/L23},
   adsurl = {https://ui.adsabs.harvard.edu/abs/2013ApJ...771L..23B},
  adsnote = {Provided by the SAO/NASA Astrophysics Data System}
}

@article{bodo2015,
   author = {{Bodo}, G. and {Cattaneo}, F. and {Mignone}, A. and {Rossi}, P.
	},
    title = "{Fully Convective Magneto-rotational Turbulence in Large Aspect-ratio Shearing Boxes}",
  journal = {\apj},
 keywords = {accretion, accretion disks, dynamo, magnetohydrodynamics: MHD, turbulence },
     year = 2015,
    month = jan,
   volume = 799,
      eid = {20},
    pages = {20},
      doi = {10.1088/0004-637X/799/1/20},
   adsurl = {https://ui.adsabs.harvard.edu/abs/2015ApJ...799...20B},
  adsnote = {Provided by the SAO/NASA Astrophysics Data System}
}

@article{riols2018,
   author = {{Riols}, A. and {Latter}, H.},
    title = "{Magnetorotational instability and dynamo action in gravito-turbulent astrophysical discs}",
  journal = {\mnras},
archivePrefix = "arXiv",
   eprint = {1709.06845},
 primaryClass = "astro-ph.HE",
 keywords = {dynamo, instabilities, turbulence, protoplanetary discs, galaxies: magnetic fields, galaxies: nuclei},
     year = 2018,
    month = feb,
   volume = 474,
    pages = {2212-2232},
      doi = {10.1093/mnras/stx2455},
   adsurl = {https://ui.adsabs.harvard.edu/abs/2018MNRAS.474.2212R},
  adsnote = {Provided by the SAO/NASA Astrophysics Data System}
}

@article{heldlatter2018,
  title={Hydrodynamic convection in accretion discs},
  author={Held, Loren E and Latter, Henrik N},
  journal={\mnras},
  volume={480},
  number={4},
  pages={4797--4816},
  year={2018},
  publisher={Oxford Uniersity Press}
}

@article{held2021magnetohydrodynamic,
  title={Magnetohydrodynamic convection in accretion discs},
  author={Held, Loren E and Latter, Henrik N},
  journal={\mnras},
  volume={504},
  number={2},
  pages={2940--2960},
  year={2021},
  publisher={Oxford University Press}
}

@article{hawleygammiebalbus1995,
  title={Local three-dimensional magnetohydrodynamic simulations of accretion disks},
  author={Hawley, John F and Gammie, Charles F and Balbus, Steven A},
  journal={\apj},
  volume={440},
  pages={742},
  year={1995}
}

@article{meyer1981,
  title={On the elusive cause of cataclysmic variable outbursts},
  author={Meyer, Friedrich and Meyer-Hofmeister, Emmi},
  journal={\aap},
  volume={104},
  pages={L10},
  year={1981}
}

@article{meyer1982,
  title={Vertical structure of accretion disks},
  author={Meyer, Friedrich and Meyer-Hofmeister, Emmi},
  journal={\aap},
  volume={106},
  pages={34--42},
  year={1982}
}

@article{cannizzo1982convective,
  title={Convective accretion disks and the onset of dwarf nova outbursts},
  author={Cannizzo, JK and Ghosh, P and Wheeler, JC},
  journal={\apj},
  volume={260},
  pages={L83--L86},
  year={1982}
}

@article{smak1982a,
  title={Accretion in cataclysmic binaries. I-Modified alpha-disks with convection},
  author={Smak, J},
  journal={Acta Astronomica},
  volume={32},
  pages={199--211},
  year={1982}
}

@article{smak1982b,
  title={Accretion in Cataclysmic Binaries-Part Two-Observational Data},
  author={Smak, J},
  journal={Acta Astronomica},
  volume={32},
  pages={213},
  year={1982}
}

@article{mineshige1983disk,
  title={Disk-instability model for outbursts of dwarf novae Time-dependent formulation and one-zone model},
  author={Mineshige, Shin and Osaki, Yoji},
  journal={Publications of the Astronomical Society of Japan},
  volume={35},
  pages={377--396},
  year={1983}
}

@article{smak1984accretion,
  title={Accretion in cataclysmic binaries. IV-Accretion disks in dwarf novae},
  author={Smak, J},
  journal={Acta Astronomica},
  volume={34},
  pages={161--189},
  year={1984}
}

@article{osaki1974,
  title={An accretion model for the outbursts of U Geminorum stars},
  author={Osaki, Yoji},
  journal={Publications of the Astronomical Society of Japan},
  volume={26},
  pages={429--436},
  year={1974}
}

@article{mineshige1985disk,
  title={Disk-instability model for outbursts of dwarf novae. II Full-disk calculations},
  author={Mineshige, Shin and Osaki, Yoji},
  journal={Publications of the Astronomical Society of Japan},
  volume={37},
  pages={1--18},
  year={1985}
}

@article{cannizzo1984vertical,
  title={The vertical structure and stability of alpha model accretion disks},
  author={Cannizzo, John Kendall and Wheeler, JC},
  journal={\apjs},
  volume={55},
  pages={367--388},
  year={1984}
}

@article{klahr2006,
  title={Thermal convection in accretion disks},
  author={Klahr, Hubert},
  journal={Proceedings of the International Astronomical Union},
  volume={2},
  number={S239},
  pages={405--416},
  year={2006},
  publisher={Cambridge University Press}
}

@article{faulkner1983evolution,
  title={On the evolution of accretion disc flow in cataclysmic variables--I. The prospect of a limit cycle in dwarf nova systems},
  author={Faulkner, John and Lin, DNC and Papaloizou, John},
  journal={\mnras},
  volume={205},
  number={2},
  pages={359--375},
  year={1983},
  publisher={Oxford Uniersity Press Oxford, UK}
}

@article{papaloizou1983evolution,
  title={On the evolution of accretion disc flow in cataclysmic variables--II. The existence and nature of collective relaxation oscillations in dwarf nova systems},
  author={Papaloizou, John and Faulkner, John and Lin, DNC},
  journal={\mnras},
  volume={205},
  number={2},
  pages={487--513},
  year={1983},
  publisher={Oxford Uniersity Press Oxford, UK}
}

@article{hoshi1979,
  title={Accretion model for outbursts of dwarf nova},
  author={H{\=o}shi, Reiun},
  journal={Progress of Theoretical Physics},
  volume={61},
  number={5},
  pages={1307--1319},
  year={1979},
  publisher={Oxford Uniersity Press}
}

@article{scepi2018a,
  title={Impact of convection and resistivity on angular momentum transport in dwarf novae},
  author={Scepi, N and Lesur, G and Dubus, G and Flock, M},
  journal={\aap},
  volume={609},
  pages={A77},
  year={2018},
  publisher={EDP Sciences}
}

@article{scepi2018b,
  title={Turbulent and wind-driven accretion in dwarf novae threaded by a large-scale magnetic field},
  author={Scepi, Nicolas and Lesur, Geoffroy and Dubus, Guillaume and Flock, Mario},
  journal={\aap},
  volume={620},
  pages={A49},
  year={2018},
  publisher={EDP Sciences}
}

@article{scepi2019,
  title={Magnetic wind-driven accretion in dwarf novae},
  author={Scepi, Nicolas and Dubus, Guillaume and Lesur, Geoffroy},
  journal={\aap},
  volume={626},
  pages={A116},
  year={2019},
  publisher={EDP Sciences}
}

@article{tayler1980vertical,
  title={Vertical energy transport in optically thick steady accretion discs},
  author={Tayler, RJ},
  journal={\mnras},
  volume={191},
  number={1},
  pages={135--150},
  year={1980},
  publisher={Oxford Uniersity Press Oxford, UK}
}

@article{bisnovatyi1977disk,
  title={Disk accretion onto a black hole at subcritical luminosity},
  author={Bisnovatyi-Kogan, GS and Blinnikov, SI},
  journal={\aap},
  volume={59},
  pages={111--125},
  year={1977}
}

@article{vila1979variable,
  title={Variable quasars as pulsating accretion disks},
  author={Vila, SC},
  journal={\apj},
  volume={234},
  pages={636--640},
  year={1979}
}

@article{1976ComAp...6...95P,
       author = {{Paczynski}, B.},
        title = "{Close Binaries}",
      journal = {Comments on Astrophysics},
         year = "1976",
        month = "Jan",
       volume = {6},
        pages = {95},
       adsurl = {https://ui.adsabs.harvard.edu/abs/1976ComAp...6...95P},
      adsnote = {Provided by the SAO/NASA Astrophysics Data System}
}

@article{1978ApJ...223..979V,
       author = {{Vila}, S.~C.},
        title = "{Convection as a source of viscosity for accretion disks of cataclysmic binaries.}",
      journal = {\apj},
     keywords = {Binary Stars, Convective Flow, Disks (Shapes), Dwarf Stars, Novae, Stellar Mass Accretion, Angular Momentum, Astronomical Models, Stellar Evolution, Viscosity, Astrophysics, Accretion Disks:Convection, Accretion Disks:Models, Dwarf Novae:Mass Transfer},
         year = "1978",
        month = "Aug",
       volume = {223},
        pages = {979-981},
          doi = {10.1086/156330},
       adsurl = {https://ui.adsabs.harvard.edu/abs/1978ApJ...223..979V},
      adsnote = {Provided by the SAO/NASA Astrophysics Data System}
}

@article{1983AcA....33..333S,
       author = {{Smak}, J.},
        title = "{Accretion in cataclysmic binaries. III. Helium binaries.}",
      journal = {Acta Astronomica},
     keywords = {Astrophysics, B Stars, Binary Stars, Stellar Mass Accretion, Thermal Instability, Accretion Disks, Mass Flow Rate, Stellar Models, White Dwarf Stars, Astrophysics},
         year = "1983",
        month = "Jan",
       volume = {33},
        pages = {333-337},
       adsurl = {https://ui.adsabs.harvard.edu/abs/1983AcA....33..333S},
      adsnote = {Provided by the SAO/NASA Astrophysics Data System}
}

@article{salvesen2016a,
       author = {{Salvesen}, Greg and {Simon}, Jacob B. and {Armitage}, Philip J. and
         {Begelman}, Mitchell C.},
        title = "{Accretion disc dynamo activity in local simulations spanning weak-to-strong net vertical magnetic flux regimes}",
      journal = {\mnras},
     keywords = {accretion, accretion discs, dynamo, instabilities, MHD, turbulence, X-rays: binaries, Astrophysics - High Energy Astrophysical Phenomena},
         year = "2016",
        month = "Mar",
       volume = {457},
       number = {1},
        pages = {857-874},
          doi = {10.1093/mnras/stw029},
archivePrefix = {arXiv},
       eprint = {1511.06368},
 primaryClass = {astro-ph.HE},
       adsurl = {https://ui.adsabs.harvard.edu/abs/2016MNRAS.457..857S},
      adsnote = {Provided by the SAO/NASA Astrophysics Data System}
}

@article{bai2013,
       author = {{Bai}, Xue-Ning and {Stone}, James M.},
        title = "{Local Study of Accretion Disks with a Strong Vertical Magnetic Field: Magnetorotational Instability and Disk Outflow}",
      journal = {\apj},
     keywords = {accretion, accretion disks, instabilities, magnetohydrodynamics: MHD, methods: numerical, turbulence, Astrophysics - High Energy Astrophysical Phenomena},
         year = "2013",
        month = "Apr",
       volume = {767},
       number = {1},
          eid = {30},
        pages = {30},
          doi = {10.1088/0004-637X/767/1/30},
archivePrefix = {arXiv},
       eprint = {1210.6661},
 primaryClass = {astro-ph.HE},
       adsurl = {https://ui.adsabs.harvard.edu/abs/2013ApJ...767...30B},
      adsnote = {Provided by the SAO/NASA Astrophysics Data System}
}

@article{salvesen2016b,
       author = {{Salvesen}, Greg and {Armitage}, Philip J. and {Simon}, Jacob B. and
         {Begelman}, Mitchell C.},
        title = "{Strongly magnetized accretion discs require poloidal flux}",
      journal = {\mnras},
     keywords = {accretion, accretion discs, dynamo, instabilities, MHD, turbulence, X-rays: binaries, Astrophysics - High Energy Astrophysical Phenomena},
         year = "2016",
        month = "Aug",
       volume = {460},
       number = {4},
        pages = {3488-3493},
          doi = {10.1093/mnras/stw1231},
archivePrefix = {arXiv},
       eprint = {1602.04810},
 primaryClass = {astro-ph.HE},
       adsurl = {https://ui.adsabs.harvard.edu/abs/2016MNRAS.460.3488S},
      adsnote = {Provided by the SAO/NASA Astrophysics Data System}
}

@article{narayanyi1994,
       author = {{Narayan}, Ramesh and {Yi}, Insu},
        title = "{Advection-dominated Accretion: A Self-similar Solution}",
      journal = {\apj},
     keywords = {Accretion Disks, Advection, Astronomical Models, Black Holes (Astronomy), Cooling Flows (Astrophysics), Stellar Mass Accretion, Viscous Flow, Hydrodynamics, Rotating Disks, Two Dimensional Flow, Astrophysics, ACCRETION, ACCRETION DISKS, BLACK HOLE PHYSICS, HYDRODYNAMICS, Astrophysics},
         year = "1994",
        month = "Jun",
       volume = {428},
        pages = {L13},
          doi = {10.1086/187381},
archivePrefix = {arXiv},
       eprint = {astro-ph/9403052},
 primaryClass = {astro-ph},
       adsurl = {https://ui.adsabs.harvard.edu/abs/1994ApJ...428L..13N},
      adsnote = {Provided by the SAO/NASA Astrophysics Data System}
}

@article{quataertgruzinov2000,
  title={Convection-dominated accretion flows},
  author={Quataert, Eliot and Gruzinov, Andrei},
  journal={\apj},
  volume={539},
  number={2},
  pages={809},
  year={2000},
  publisher={IOP Publishing}
}

@article{blandfordbegelman1999,
  title={On the fate of gas accreting at a low rate on to a black hole},
  author={Blandford, Roger D and Begelman, Mitchell C},
  journal={\mnras},
  volume={303},
  number={1},
  pages={L1--L5},
  year={1999},
  publisher={Blackwell Science Ltd Oxford, UK}
}

@article{paczynski1965,
  title={Cataclysmic Variables among Binary Stars I. U Geminorum Stars},
  author={Paczynski, B},
  journal={Acta Astronomica},
  volume={15},
  pages={89},
  year={1965}
}

@article{bath1973,
  title={Periodicities and disks in dwarf novae},
  author={Bath, GT},
  journal={Nature Physical Science},
  volume={246},
  number={154},
  pages={84--87},
  year={1973},
  publisher={Nature Publishing Group}
}

@article{rahmstorf2006,
  title={Thermohaline ocean circulation},
  author={Rahmstorf, Stefan},
  journal={Encyclopedia of Quaternary Sciences},
  volume={5},
  year={2006},
  publisher={Elsevier Amsterdam}
}

@article{hadley1735,
  title={VI. Concerning the cause of the general trade-winds},
  author={Hadley, George},
  journal={Philosophical Transactions of the Royal Society of London},
  volume={39},
  number={437},
  pages={58--62},
  year={1735},
  publisher={The Royal Society London}
}

@article{ledoux1947,
  title={Stellar models with convection and with discontinuity of the mean molecular weight},
  author={Ledoux, P},
  journal={\apj},
  volume={105},
  pages={305},
  year={1947}
}

@article{ogilvie2016,
  title={Astrophysical fluid dynamics},
  author={Ogilvie, Gordon I},
  journal={Journal of Plasma Physics},
  volume={82},
  number={3},
  year={2016},
  publisher={Cambridge University Press}
}

@article{medin2011,
  title={Compositionally driven convection in the oceans of accreting neutron stars},
  author={Medin, Zach and Cumming, Andrew},
  journal={\apj},
  volume={730},
  number={2},
  pages={97},
  year={2011},
  publisher={IOP Publishing}
}

@article{nimmo2007,
  title={Energetics of the core},
  author={Nimmo, Francis},
  journal={Treatise on Geophysics},
  volume={8},
  pages={31--65},
  year={2007},
  publisher={Elsevier Amsterdam}
}

@article{rayleigh1916,
  title={LIX. On convection currents in a horizontal layer of fluid, when the higher temperature is on the under side},
  author={Rayleigh, Lord},
  journal={The London, Edinburgh, and Dublin Philosophical Magazine and Journal of Science},
  volume={32},
  number={192},
  pages={529--546},
  year={1916},
  publisher={Taylor \& Francis}
}

@article{gough1969,
  title={The anelastic approximation for thermal convection},
  author={Gough, DO},
  journal={Journal of The Atmospheric Sciences},
  volume={26},
  number={3},
  pages={448--456},
  year={1969}
}

@article{schwarzschild1958,
  title={Evolution of Very Massive Stars.},
  author={Schwarzschild, M and H{\"a}rm, R},
  journal={\apj},
  volume={128},
  pages={348},
  year={1958},
}

@article{huppert1981,
  title={Double-diffusive convection},
  author={Huppert, Herbert E and Turner, J Stewart},
  journal={Journal of Fluid Mechanics},
  volume={106},
  pages={299--329},
  year={1981},
  publisher={Cambridge University Press}
}

@article{spiegel1969,
  title={Semiconvection},
  author={Spiegel, EA},
  journal={Comments on Astrophysics and Space Physics},
  volume={1},
  pages={57},
  year={1969}
}

@article{stern1960,
  title={The Ã’salt-fountainÃ“ and thermohaline convection},
  author={Stern, Melvin E},
  journal={Tellus},
  volume={12},
  number={2},
  pages={172--175},
  year={1960},
  publisher={Taylor \& Francis}
}

@article{turner1974,
  title={Double-diffusive phenomena},
  author={Turner, JS},
  journal={Annual Review of Fluid Mechanics},
  volume={6},
  number={1},
  pages={37--54},
  year={1974},
  publisher={Annual Reviews 4139 El Camino Way, PO Box 10139, Palo Alto, CA 94303-0139, USA}
}

@article{breuer2010,
  title={Thermochemically driven convection in a rotating spherical shell},
  author={Breuer, M and Manglik, A and Wicht, J and Tr{\"u}mper, T and Harder, H and Hansen, U},
  journal={Geophysical Journal International},
  volume={183},
  number={1},
  pages={150--162},
  year={2010},
  publisher={Blackwell Publishing Ltd Oxford, UK}
}

@article{benard1900,
  title={Les tourbillons cellulaires dans une nappe liquide},
  author={B{\'e}nard, Henri},
  journal={Rev G{\'e}n Sci Pure Appl},
  volume={11},
  pages={1261--1271},
  year={1900}
}

@article{block1956,
  title={Surface tension as the cause of B{\'e}nard cells and surface deformation in a liquid film},
  author={Block, Myron J},
  journal={Nature},
  volume={178},
  number={4534},
  pages={650--651},
  year={1956},
  publisher={Springer}
}

@article{miyagoshi2010,
  title={Zonal flow formation in the EarthÃ•s core},
  author={Miyagoshi, Takehiro and Kageyama, Akira and Sato, Tetsuya},
  journal={Nature},
  volume={463},
  number={7282},
  pages={793--796},
  year={2010},
  publisher={Nature Publishing Group}
}

@article{kronbichler2012,
  title={High accuracy mantle convection simulation through modern numerical methods},
  author={Kronbichler, Martin and Heister, Timo and Bangerth, Wolfgang},
  journal={Geophysical Journal International},
  volume={191},
  number={1},
  pages={12--29},
  year={2012},
  publisher={Blackwell Publishing Ltd Oxford, UK}
}

@article{freytag1996,
  title={Hydrodynamical models of stellar convection. The role of overshoot in DA white dwarfs, A-type stars, and the Sun.},
  author={Freytag, Bernd and Ludwig, H-G and Steffen, Matthias},
  journal={\aap},
  year=1996,
  volume=313,
  pages={497-516},
}

@article{horne1985,
  title={UBV images of the Z Cha accretion disc in outburst},
  author={Horne, Keith and Cook, MC},
  journal={\mnras},
  volume={214},
  number={3},
  pages={307-317},
  year={1985},
  publisher={Oxford Uniersity Press Oxford, UK}
}

@article{ladous1989,
  title={Synthetic optical and ultraviolet spectra of stationary accretion disks},
  author={La Dous, C},
  journal={\aap},
  volume={211},
  pages={131--155},
  year={1989}
}

@article{zhang1986,
  title={The eclipses of cataclysmic variables. I-HT Cassiopeiae},
  author={Zhang, E-H and Robinson, EL and Nather, RE},
  journal={\apj},
  volume={305},
  pages={740--758},
  year={1986}
}

@article{zhang1987,
  title={The eclipses of cataclysmic variables. II-U Geminorum},
  author={Zhang, E-H and Robinson, Edward L},
  journal={\apj},
  volume={321},
  pages={813--821},
  year={1987}
}

@article{wood1986,
  title={High-speed photometry of the dwarf nova Z Cha in quiescence},
  author={Wood, Janet and Horne, Keith and Berriman, Graham and Wade, Richard and O'Donoghue, Darragh and Warner, Brian},
  journal={\mnras},
  volume={219},
  number={3},
  pages={629--655},
  year={1986},
  publisher={Oxford Uniersity Press Oxford, UK}
}

@article{spohn2003,
  title={Oceans in the icy Galilean satellites of Jupiter?},
  author={Spohn, Tilman and Schubert, Gerald},
  journal={Icarus},
  volume={161},
  number={2},
  pages={456--467},
  year={2003},
  publisher={Elsevier}
}

@article{zimmer2000,
  title={Subsurface oceans on Europa and Callisto: Constraints from Galileo magnetometer observations},
  author={Zimmer, Christophe and Khurana, Krishan K and Kivelson, Margaret G},
  journal={Icarus},
  volume={147},
  number={2},
  pages={329--347},
  year={2000},
  publisher={Academic Press}
}

@article{bisnovatyi1977,
  title={Disk accretion onto a black hole at subcritical luminosity},
  author={Bisnovatyi-Kogan, GS and Blinnikov, SI},
  journal={\aap},
  volume={59},
  pages={111--125},
  year={1977}
}

@article{tayler1980,
  title={Vertical energy transport in optically thick steady accretion discs},
  author={Tayler, RJ},
  journal={\mnras},
  volume={191},
  number={1},
  pages={135--150},
  year={1980},
  publisher={Oxford Uniersity Press Oxford, UK}
}

@article{jones2009,
  title={Compressible convection in the deep atmospheres of giant planets},
  author={Jones, Chris A and Kuzanyan, Kirill M},
  journal={Icarus},
  volume={204},
  number={1},
  pages={227--238},
  year={2009},
  publisher={Elsevier}
}

@article{sun1993,
  title={Banded surface flow maintained by convection in a model of the rapidly rotating giant planets},
  author={Sun, Zi-Ping and Schubert, Gerald and Glatzmaier, Gary A},
  journal={Science},
  volume={260},
  number={5108},
  pages={661--664},
  year={1993},
  publisher={American Association for the Advancement of Science}
}

@article{mignone2012,
  title={A conservative orbital advection scheme for simulations of magnetized shear flows with the PLUTO code},
  author={Mignone, Andrea and Flock, M and Stute, M and Kolb, SM and Muscianisi, G},
  journal={\aap},
  volume={545},
  pages={A152},
  year={2012},
  publisher={EDP Sciences}
}

@article{courant1928,
  title={{\"U}ber die partiellen Differenzengleichungen der mathematischen Physik},
  author={Courant, Richard and Friedrichs, Kurt and Lewy, Hans},
  journal={Mathematische Annalen},
  volume={100},
  number={1},
  pages={32--74},
  year={1928},
  publisher={Springer}
}

@article{harten1983,
  title={On upstream differencing and Godunov-type schemes for hyperbolic conservation laws},
  author={Harten, Amiram and Lax, Peter D and Leer, Bram van},
  journal={SIAM Review},
  volume={25},
  number={1},
  pages={35--61},
  year={1983},
  publisher={SIAM}
}

@article{toro1994,
  title={Restoration of the contact surface in the HLL-Riemann solver},
  author={Toro, Eleuterio F and Spruce, Michael and Speares, William},
  journal={Shock Waves},
  volume={4},
  number={1},
  pages={25--34},
  year={1994},
  publisher={Springer}
}

@article{toro2019,
  title={The HLLC Riemann solver},
  author={Toro, Eleuterio F},
  journal={Shock Waves},
  pages={1--18},
  year={2019},
  publisher={Springer}
}

@article{einfeldt1988,
  title={On Godunov-type methods for gas dynamics},
  author={Einfeldt, Bernd},
  journal={SIAM Journal on Numerical Analysis},
  volume={25},
  number={2},
  pages={294--318},
  year={1988},
  publisher={SIAM}
}

@article{miyoshi2005,
  title={A multi-state HLL approximate Riemann solver for ideal magnetohydrodynamics},
  author={Miyoshi, Takahiro and Kusano, Kanya},
  journal={Journal of Computational Physics},
  volume={208},
  number={1},
  pages={315--344},
  year={2005},
  publisher={Elsevier}
}

@article{roe1981,
  title={Approximate Riemann solvers, parameter vectors, and difference schemes},
  author={Roe, Philip L},
  journal={Journal of Computational Physics},
  volume={43},
  number={2},
  pages={357--372},
  year={1981},
  publisher={Academic Press}
}

@article{li2005,
  title={An HLLC Riemann solver for magneto-hydrodynamics},
  author={Li, Shengtai},
  journal={Journal of Computational Physics},
  volume={203},
  number={1},
  pages={344--357},
  year={2005},
  publisher={Elsevier}
}

@article{cargo1997,
  title={Roe matrices for ideal MHD and systematic construction of Roe matrices for systems of conservation laws},
  author={Cargo, Patricia and Gallice, G{\'e}rard},
  journal={Journal of Computational Physics},
  volume={136},
  number={2},
  pages={446--466},
  year={1997},
  publisher={Elsevier}
}

@article{toth1996,
  title={Comparison of some flux corrected transport and total variation diminishing numerical schemes for hydrodynamic and magnetohydrodynamic problems},
  author={T{\'o}th, G{\'a}bor and Odstr{\v{c}}il, Du{\v{s}}an},
  journal={Journal of Computational Physics},
  volume={128},
  number={1},
  pages={82--100},
  year={1996},
  publisher={Elsevier}
}

@article{mignone2014,
  title={High-order conservative reconstruction schemes for finite volume methods in cylindrical and spherical coordinates},
  author={Mignone, Andrea},
  journal={Journal of Computational Physics},
  volume={270},
  pages={784--814},
  year={2014},
  publisher={Elsevier}
}

@article{yamaleev2009,
  title={A systematic methodology for constructing high-order energy stable WENO schemes},
  author={Yamaleev, Nail K and Carpenter, Mark H},
  journal={Journal of Computational Physics},
  volume={228},
  number={11},
  pages={4248--4272},
  year={2009},
  publisher={Elsevier}
}

@article{umurhan2004,
  title={Hydrodynamic stability of rotationally supported flows: Linear and nonlinear 2D shearing box results},
  author={Umurhan, Orkan M and Regev, O},
  journal={\aap},
  volume={427},
  number={3},
  pages={855--872},
  year={2004},
  publisher={EDP Sciences}
}

@article{solheim2010,
  title={AM CVn Stars: Status and Challenges},
  author={Solheim, J-E},
  journal={Publications of the Astronomical Society of the Pacific},
  volume={122},
  number={896},
  pages={1133},
  year={2010},
  publisher={IOP Publishing}
}

@article{brogan20152014,
  title={The 2014 ALMA long baseline campaign: first results from high angular resolution observations toward the HL Tau region},
  author={Brogan, CL and P{\'e}rez, LM and Hunter, TR and Dent, WRF and Hales, AS and Hills, RE and Corder, S and Fomalont, EB and Vlahakis, C and Asaki, Y and others},
  journal={\apjl},
  volume={808},
  number={1},
  pages={L3},
  year={2015},
  publisher={IOP Publishing}
}

@article{burrows1996,
  title={Hubble Space Telescope observations of the disk and jet of HH 30},
  author={Burrows, Christopher J and Stapelfeldt, Karl R and Watson, Alan M and Krist, John E and Ballester, Gilda E and Clarke, John T and Crisp, David and Gallagher III, John S and Griffiths, Richard E and Hester, J Jeff and others},
  journal={\apj},
  volume={473},
  number={1},
  pages={437},
  year={1996},
  publisher={IOP Publishing}
}

@article{ford1994,
  title={Narrowband HST images of M87: Evidence for a disk of ionized gas around a massive black hole},
  author={Ford, Holland C and Harms, Richard J and Tsvetanov, Zlatan I and Hartig, George F and Dressel, Linda L and Kriss, Gerard A and Bohlin, Ralph C and Davidsen, Arthur F and Margon, Bruce and Kochhar, Ajay K},
  journal={\apj},
  volume={435},
  pages={L27--L30},
  year={1994}
}

@article{jaffe1996,
  title={The nuclear disk of NGC 4261: Hubble Space Telescope images and ground-based spectra},
  author={Jaffe, Walter and Ford, Holland and Ferrarese, Laura and van den Bosch, Frank and O'Connell, Robert W},
  journal={\apj},
  volume={460},
  pages={214},
  year={1996}
}

@article{event2019,
  title={First M87 event horizon telescope results. I. The shadow of the supermassive black hole},
  author={{EHT Collaboration}},
  journal={\apjl},
  volume={875},
  pages={L1},
  year={2019}
}

@article{ritter2003catalogue,
  title={Catalogue of cataclysmic binaries, low--mass X-ray binaries and related objects},
  author={Ritter, Hans and Kolb, Ulrich},
  journal={\aap},
  volume={404},
  number={1},
  pages={301--303},
  year={2003},
  publisher={EDP Sciences},
  url={https://wwwmpa.mpa-garching.mpg.de/RKcat/}
}

@article{williams2011,
  title={Protoplanetary disks and their evolution},
  author={Williams, Jonathan P and Cieza, Lucas A},
  journal={Annual Review of \aap},
  volume={49},
  pages={67--117},
  year={2011},
  publisher={Annual Reviews}
}

@article{lada2006,
  title={Stellar multiplicity and the initial mass function: most stars are single},
  author={Lada, Charles J},
  journal={\apjl},
  volume={640},
  number={1},
  pages={L63},
  year={2006},
  publisher={IOP Publishing}
}

@article{chiang2019,
  title={Does AGN fraction depend on redshift or luminosity? An extinction-free test by 18-band near-to mid-infrared SED fitting in the AKARI NEP wide field},
  author={Chiang, Chia-Ying and Goto, Tomotsugu and Hashimoto, Tetsuya and Kim, Seong Jin and Matsuhara, Hideo and Oi, Nagisa},
  journal={Publications of the Astronomical Society of Japan},
  volume={71},
  number={2},
  pages={31},
  year={2019},
  publisher={Oxford Uniersity Press}
}

@article{lesur2014thanatology,
  title={Thanatology in protoplanetary discs-The combined influence of Ohmic, Hall, and ambipolar diffusion on dead zones},
  author={Lesur, Geoffroy and Kunz, Matthew W and Fromang, S{\'e}bastien},
  journal={\aap},
  volume={566},
  pages={A56},
  year={2014},
  publisher={EDP Sciences}
}

@article{neufeld2019,
  title={The top-down solidification of iron asteroids driving dynamo evolution},
  author={Neufeld, Jerome A and Bryson, James FJ and Nimmo, Francis},
  journal={Journal of Geophysical Research: Planets},
  volume={124},
  number={5},
  pages={1331--1356},
  year={2019},
  publisher={Wiley Online Library}
}

@article{ingersoll2000,
  title={Moist convection as an energy source for the large-scale motions in Jupiter's atmosphere},
  author={Ingersoll, AP and Gierasch, PJ and Banfield, D and Vasavada, AR and Team, Galileo Imaging},
  journal={Nature},
  volume={403},
  number={6770},
  pages={630--632},
  year={2000},
  publisher={Nature Publishing Group}
}

@article{gierasch2000,
  title={Observation of moist convection in Jupiter's atmosphere},
  author={Gierasch, PJ and Ingersoll, AP and Banfield, D and Ewald, SP and Helfenstein, P and Simon-Miller, A and Vasavada, A and Breneman, HH and Senske, DA and Team, Galileo Imaging},
  journal={Nature},
  volume={403},
  number={6770},
  pages={628--630},
  year={2000},
  publisher={Nature Publishing Group}
}

@article{fearn1981,
  title={Compositional convection and stratification of Earth's core},
  author={Fearn, David R and Loper, David E},
  journal={Nature},
  volume={289},
  number={5796},
  pages={393--394},
  year={1981},
  publisher={Nature Publishing Group}
}

@article{smak1984,
  title="{Eruptive binaries. XI-Disk-radius variations in U GEM}",
  author={Smak, J},
  journal={Acta Astronomica},
  volume={34},
  pages={93--96},
  year={1984}
}

@article{hameury1998,
  title={Accretion disc outbursts: a new version of an old model},
  author={Hameury, Jean-Marie and Menou, Kristen and Dubus, Guillaume and Lasota, Jean-Pierre and Hur{\'e}, Jean-Marc},
  journal={\mnras},
  volume={298},
  number={4},
  pages={1048--1060},
  year={1998},
  publisher={Blackwell Science Ltd Oxford, UK}
}

@article{moe2018,
  author = {{Moe}, Maxwell and {Kratter}, Kaitlin M. and {Badenes}, Carles},
  title = "{The Close Binary Fraction of Solar-type Stars Is Strongly Anticorrelated with Metallicity}",
  journal = {\apj},
  keywords = {binaries: close, binaries: eclipsing, binaries: spectroscopic, stars: abundances, stars: formation, stars: solar-type, Astrophysics - Solar and Stellar Astrophysics, Astrophysics - Astrophysics of Galaxies},
   year = {2019},
   month = apr,
   volume = {875},
   number = {1},
   eid = {61},
   pages = {61},
   doi = {10.3847/1538-4357/ab0d88},
archivePrefix = {arXiv},
   eprint = {1808.02116},
   primaryClass = {astro-ph.SR},
   adsurl = {https://ui.adsabs.harvard.edu/abs/2019ApJ...875...61M},
   adsnote = {Provided by the SAO/NASA Astrophysics Data System}
}

@article{esposito1986,
  title={Structure and evolution of Saturn's rings},
  author={Esposito, Larry W},
  journal={Icarus},
  volume={67},
  number={3},
  pages={345--357},
  year={1986},
  publisher={Elsevier}
}

@article{schaefer2010,
  title={Comprehensive photometric histories of all known Galactic recurrent novae},
  author={Schaefer, Bradley E},
  journal={\apjs},
  volume={187},
  number={2},
  pages={275},
  year={2010},
  publisher={IOP Publishing}
}

@article{ju2016global,
  title={Global MHD Simulations of Accretion Disks in Cataclysmic Variables. I. The Importance of Spiral Shocks},
  author={Ju, Wenhua and Stone, James M and Zhu, Zhaohuan},
  journal={\apj},
  volume={823},
  number={2},
  pages={81},
  year={2016},
  publisher={IOP Publishing}
}

@article{kurbatov2014,
  title={On the possible turbulence mechanism in accretion disks in nonmagnetic binary stars},
  author={Kurbatov, Evgeny Pavlovich and Bisikalo, Dmitrii V and Kaygorodov, Pavel Vyacheslavovich},
  journal={Physics-Uspekhi},
  volume={57},
  number={8},
  pages={787},
  year={2014},
  publisher={IOP Publishing}
}

@misc{hameury2019,
  title={A review of the disc instability model for dwarf novae, soft X-ray transients and related objects (published in Advances in Space Science Research)},
  author={Hameury, Jean-Marie},
  year={2019},
  URL={https://www.sciencedirect.com/science/article/pii/S0273117719307586},
  publisher={Elsevier}
}

@article{menou2000,
  title={Disc instability models for X-ray transients: evidence for evaporation and low $\alpha$-viscosity?},
  author={Menou, Kristen and Hameury, Jean-Marie and Lasota, Jean-Pierre and Narayan, Ramesh},
  journal={\mnras},
  volume={314},
  number={3},
  pages={498--510},
  year={2000},
  publisher={Blackwell Science Ltd Oxford, UK}
}

@article{barr2007,
  title={Convection in Enceladus' ice shell: Conditions for initiation},
  author={Barr, Amy C and McKinnon, William B},
  journal={Geophysical Research Letters},
  volume={34},
  number={9},
  year={2007},
  publisher={Wiley Online Library}
}

@article{iess2014,
  title={The gravity field and interior structure of Enceladus},
  author={Iess, Luciano and Stevenson, DJ and Parisi, M and Hemingway, D and Jacobson, RA and Lunine, JI and Nimmo, F and Armstrong, JW and Asmar, SW and Ducci, M and others},
  journal={Science},
  volume={344},
  number={6179},
  pages={78--80},
  year={2014},
  publisher={American Association for the Advancement of Science}
}

@article{pappalardo1998,
  title={Geological evidence for solid-state convection in Europa's ice shell},
  author={Pappalardo, RT and Head, JW and Greeley, R and Sullivan, RJ and Pilcher, C and Schubert, G and Moore, WB and Carr, MH and Moore, JM and Belton, MJS and others},
  journal={Nature},
  volume={391},
  number={6665},
  pages={365--368},
  year={1998},
  publisher={Nature Publishing Group}
}

@article{schwarzschild1906,
  author = {{Schwarzschild}, K.},
  title = "{On the equilibrium of the Sun's atmosphere}",
  journal = {Nachrichten von der K{\"o}niglichen Gesellschaft der Wissenschaften zu G{\"o}ttingen. Math.-phys. Klasse},
  year = 1906,
  month = jan,
  volume = {195},
  pages = {41-53},
  adsurl = {https://ui.adsabs.harvard.edu/abs/1906WisGo.195...41S},
  adsnote = {Provided by the SAO/NASA Astrophysics Data System}
}

@article{vauclair2004,
  title={Metallic fingers and metallicity excess in exoplanets' host stars: the accretion hypothesis revisited},
  author={Vauclair, Sylvie},
  journal={\apj},
  volume={605},
  number={2},
  pages={874},
  year={2004},
  publisher={IOP Publishing}
}

@article{stancliffe2008,
  title={Thermohaline mixing and gravitational settling in carbon-enhanced metal-poor stars},
  author={Stancliffe, Richard J and Glebbeek, Evert},
  journal={\mnras},
  volume={389},
  number={4},
  pages={1828--1838},
  year={2008},
  publisher={Blackwell Publishing Ltd Oxford, UK}
}

@article{siess2009,
  title={Thermohaline mixing in super-AGB stars},
  author={Siess, Lionel},
  journal={\aap},
  volume={497},
  number={2},
  pages={463--468},
  year={2009},
  publisher={EDP Sciences}
}

@article{ulrich1972,
  title={Thermohaline Convection in Stellar Interiors.},
  author={Ulrich, Roger K},
  journal={\apj},
  volume={172},
  pages={165},
  year={1972}
}

@article{spiegel1972,
  title={Convection in stars II. Special effects},
  author={Spiegel, EA},
  journal={Annual Review of \aap},
  volume={10},
  number={1},
  pages={261--304},
  year={1972},
  publisher={Annual Reviews 4139 El Camino Way, PO Box 10139, Palo Alto, CA 94303-0139, USA}
}

@article{garaud2018,
  title={Double-diffusive convection at low Prandtl number},
  author={Garaud, Pascale},
  journal={Annual Review of Fluid Mechanics},
  volume={50},
  pages={275--298},
  year={2018},
  publisher={Annual Reviews}
}

@article{ross2016,
  title={The stress--pressure relationship in simulations of MRI-induced turbulence},
  author={Ross, Johnathan and Latter, Henrik N and Guilet, Jerome},
  journal={\mnras},
  volume={455},
  number={1},
  pages={526--539},
  year={2016},
  publisher={Oxford Uniersity Press}
}

@article{stevens2005,
  title={Atmospheric moist convection},
  author={Stevens, Bjorn},
  journal={Annu. Rev. Earth Planet. Sci.},
  volume={33},
  pages={605--643},
  year={2005},
  publisher={Annual Reviews}
}

@article{ghoreyshi2011a,
  title={An Accretion-Disc Model for the Algol-Type Eclipsing Binary System AV Del},
  author={Ghoreyshi, Sayyed Mohammad Reza and Ghanbari, Jamshid and Salehi, Fatemeh},
  journal={Publications of the Astronomical Society of Australia},
  volume={28},
  number={1},
  pages={38--45},
  year={2011},
  publisher={Cambridge University Press}
}

@article{ghoreyshi2011b,
  title={The Effect of Circumstellar Material on the Light Curves of Eclipsing Binary Systems},
  author={Ghoreyshi, SMR and Ghanbari, J and Salehi, Fatemeh},
  journal={Publications of the Astronomical Society of Australia},
  volume={28},
  number={4},
  pages={290--298},
  year={2011},
  publisher={Cambridge University Press}
}

@article{sano2004,
  title={Angular momentum transport by MHD turbulence in accretion disks},
  author={Sano, Takayoshi and Inutsuka, Shu-ichiro and Turner, Neal J and Stone, James M},
  journal={Progress of Theoretical Physics Supplement},
  volume={155},
  pages={409--410},
  year={2004},
  publisher={Narnia}
}

@article{simon2008,
  title={Simulations of magnetorotational turbulence with a higher-order Godunov scheme},
  author={Simon, Jacob B and Hawley, John F and Beckwith, Kris},
  journal={\apj},
  volume={690},
  number={1},
  pages={974},
  year={2008},
  publisher={IOP Publishing}
}

@article{minoshima2015,
  title={Dependence of the saturation level of magnetorotational instability on gas pressure and magnetic Prandtl number},
  author={Minoshima, Takashi and Hirose, Shigenobu and Sano, Takayoshi},
  journal={\apj},
  volume={808},
  number={1},
  pages={54},
  year={2015},
  publisher={IOP Publishing}
}

@article{piran1978,
  title={The role of viscosity and cooling mechanisms in the stability of accretion disks},
  author={Piran, Tsvi},
  journal={\apj},
  volume={221},
  pages={652--660},
  year={1978}
}

@article{shakura1976,
  title={A theory of the instability of disk accretion on to black holes and the variability of binary X-ray sources, galactic nuclei and quasars},
  author={Shakura, NI and Sunyaev, RA},
  journal={\mnras},
  volume={175},
  number={3},
  pages={613--632},
  year={1976},
  publisher={Oxford Uniersity Press Oxford, UK}
}

@article{hirose2009,
  title={Radiation-dominated disks are thermally stable},
  author={Hirose, Shigenobu and Krolik, Julian H and Blaes, Omer},
  journal={\apj},
  volume={691},
  number={1},
  pages={16},
  year={2009},
  publisher={IOP Publishing}
}

@article{jiang2013,
  title={On the thermal stability of radiation-dominated accretion disks},
  author={Jiang, Yan-Fei and Stone, James M and Davis, Shane W},
  journal={\apj},
  volume={778},
  number={1},
  pages={65},
  year={2013},
  publisher={IOP Publishing}
}

@article{lin2011,
  title={Effects of the stress evolution process on the thermal stability of thin accretion discs},
  author={Lin, Da-Bin and Gu, Wei-Min and Lu, Ju-Fu},
  journal={\mnras},
  volume={415},
  number={3},
  pages={2319--2322},
  year={2011},
  publisher={Blackwell Publishing Ltd Oxford, UK}
}

@article{ciesielski2012,
  title={Stability of radiation-pressure dominated disks-I. The dispersion relation for a delayed heating $\alpha$-viscosity prescription},
  author={Ciesielski, Adam and Wielgus, Maciej and Klu{\'z}niak, W{\l}odek and Sadowski, Aleksander and Abramowicz, Marek and Lasota, J-P and Rebusco, Paola},
  journal={\aap},
  volume={538},
  pages={A148},
  year={2012},
  publisher={EDP Sciences}
}

@article{kato1978,
  title={Pulsational instability of accretion disks to axially symmetric oscillations},
  author={Kato, Shoji},
  journal={\mnras},
  volume={185},
  number={3},
  pages={629--642},
  year={1978},
  publisher={The Royal Astronomical Society}
}

@article{latter2006,
  title={The linear stability of dilute particulate rings},
  author={Latter, Henrik N and Ogilvie, Gordon I},
  journal={Icarus},
  volume={184},
  number={2},
  pages={498--516},
  year={2006},
  publisher={Elsevier}
}

@article{latter2008,
  title={Dense planetary rings and the viscous overstability},
  author={Latter, Henrik N and Ogilvie, Gordon I},
  journal={Icarus},
  volume={195},
  number={2},
  pages={725--751},
  year={2008},
  publisher={Elsevier}
}

@article{ogilvie2001,
  title={Non-linear fluid dynamics of eccentric discs},
  author={Ogilvie, GI},
  journal={\mnras},
  volume={325},
  number={1},
  pages={231--248},
  year={2001},
  publisher={Blackwell Science Ltd Oxford, UK}
}

@article{ross2017,
  title={MRI turbulence and thermal instability in accretion discs},
  author={Ross, Johnathan and Latter, Henrik N and Tehranchi, Michael},
  journal={\mnras},
  volume={468},
  number={2},
  pages={2401--2415},
  year={2017},
  publisher={Oxford Uniersity Press}
}

@article{torkelsson2000,
  title={The response of a turbulent accretion disc to an imposed epicyclic shearing motion},
  author={Torkelsson, Ulf and Ogilvie, Gordon I and Brandenburg, Axel and Pringle, James E and Nordlund, {\AA}ke and Stein, Robert F},
  journal={\mnras},
  volume={318},
  number={1},
  pages={47--57},
  year={2000},
  publisher={Blackwell Science Ltd Oxford, UK}
}

@article{harten1986,
  title={Some results on uniformly high-order accurate essentially nonoscillatory schemes},
  author={Harten, Ami and Osher, Stanley and Engquist, Bj{\"o}rn and Chakravarthy, Sukumar R},
  journal={Applied Numerical Mathematics},
  volume={2},
  number={3-5},
  pages={347--377},
  year={1986},
  publisher={Elsevier}
}

@article{ogilvie2003,
  title={On the dynamics of magnetorotational turbulent stresses},
  author={Ogilvie, Gordon I},
  journal={\mnras},
  volume={340},
  number={3},
  pages={969--982},
  year={2003},
  publisher={Blackwell Science Ltd Oxford, UK}
}

@article{pontin2020,
  title={Wave propagation in semiconvective regions of giant planets},
  author={Pontin, Christina M and Barker, Adrian J and Hollerbach, Rainer and Andr{\'e}, Quentin and Mathis, St{\'e}phane},
  journal={\mnras},
  volume={493},
  number={4},
  pages={5788--5806},
  year={2020},
  publisher={Oxford Uniersity Press}
}

@article{horne1986,
  title={Emission line formation in accretion discs},
  author={Horne, Keith and Marsh, TR},
  journal={\mnras},
  volume={218},
  number={4},
  pages={761--773},
  year={1986},
  publisher={Oxford Uniersity Press Oxford, UK}
}

@article{gammie1998,
  title={On the origin of episodic accretion in dwarf novae},
  journal={\apjl},
  volume={492},
  author={Gammie, CF and Menou, K},
  pages={L75},
  year={1998}
}

@article{lynden1974,
  title={The evolution of viscous discs and the origin of the nebular variables},
  author={Lynden-Bell, Donald and Pringle, James E},
  journal={\mnras},
  volume={168},
  number={3},
  pages={603--637},
  year={1974},
  publisher={The Royal Astronomical Society}
}

@article{rudiger1987,
  title={Turbulence theory and the frictional energy source in accretion disk models},
  author={Rudiger, G},
  journal={Acta Astronomica},
  volume={37},
  pages={223},
  year={1987}
}

@article{heinrich1994,
  title={Thin accretion disks near the critical luminosity: the effect of turbulent energy transport},
  author={Heinrich, OM},
  journal={\aap},
  volume={286},
  pages={338--343},
  year={1994}
}

@article{gu2000,
  title={Thermal equilibrium curves and turbulent mixing in Keplerian accretion disks},
  author={Gu, Pin-Gao and Vishniac, Ethan T and Cannizzo, John K},
  journal={\apj},
  volume={534},
  number={1},
  pages={380},
  year={2000},
  publisher={IOP Publishing}
}

@article{blaes2011,
  title={Dissipation and vertical energy transport in radiation-dominated accretion disks},
  author={Blaes, Omer and Krolik, Julian H and Hirose, Shigenobu and Shabaltas, Natalia},
  journal={\apj},
  volume={733},
  number={2},
  pages={110},
  year={2011},
  publisher={IOP Publishing}
}

@article{flaig2010,
  title={Impact of Radiative Diffusion on the Magnetorotational Instability in Accretion Discs},
  author={Flaig, M and Kissmann, R and Kley, W},
  journal={EAS Publications Series},
  volume={44},
  pages={117--120},
  year={2010},
  publisher={EDP Sciences}
}

@article{flaig2012,
  title={Global structure of magnetorotationally turbulent protoplanetary discs},
  author={Flaig, M and Ruoff, Patrick and Kley, W and Kissmann, R},
  journal={\mnras},
  volume={420},
  number={3},
  pages={2419--2428},
  year={2012},
  publisher={Blackwell Publishing Ltd Oxford, UK}
}

@article{rincon2019,
  title={Dynamo theories},
  author={Rincon, Fran{\c{c}}ois},
  journal={Journal of Plasma Physics},
  volume={85},
  number={4},
  year={2019},
  publisher={Cambridge University Press}
}

@article{fleming2000,
  title={The effect of resistivity on the nonlinear stage of the magnetorotational instability in accretion disks},
  author={Fleming, Timothy P and Stone, James M and Hawley, John F},
  journal={\apj},
  volume={530},
  number={1},
  pages={464},
  year={2000},
  publisher={IOP Publishing}
}

@article{coleman2017,
  title={Convective quenching of field reversals in accretion disc dynamos},
  author={Coleman, Matthew SB and Yerger, Evan and Blaes, Omer and Salvesen, Greg and Hirose, Shigenobu},
  journal={\mnras},
  volume={467},
  number={3},
  pages={2625--2635},
  year={2017},
  publisher={Oxford Uniersity Press}
}

@article{coleman2016,
  title={Dwarf nova outbursts with magnetorotational turbulence},
  author={Coleman, MSB and Kotko, I and Blaes, O and Lasota, J-P and Hirose, S},
  journal={\mnras},
  volume={462},
  number={4},
  pages={3710--3726},
  year={2016},
  publisher={The Royal Astronomical Society}
}

@article{zhu2016,
  title={Shock-driven Accretion in Circumplanetary Disks: Observables and Satellite Formation},
  author={Zhu, Zhaohuan and Ju, Wenhua and Stone, James M},
  journal={\apj},
  volume={832},
  number={2},
  pages={193},
  year={2016},
  publisher={IOP Publishing}
}

@article{borderies1985,
  title={A granular flow model for dense planetary rings},
  author={Borderies, Nicole and Goldreich, Peter and Tremaine, Scott},
  journal={Icarus},
  volume={63},
  number={3},
  pages={406--420},
  year={1985},
  publisher={Elsevier}
}

@article{papaloizou1988,
  title={On the pulsational overstability in narrowly confined viscous rings},
  author={Papaloizou, JCB and Lin, DNC},
  journal={\apj},
  volume={331},
  pages={838--860},
  year={1988}
}

@article{schmit1995,
  title={A fluid dynamical treatment of the common action of self-gravitation, collisions, and rotation in Saturn's B-ring},
  author={Schmit, U and Tscharnuter, WM},
  journal={Icarus},
  volume={115},
  number={2},
  pages={304--319},
  year={1995},
  publisher={Elsevier}
}

@article{bethune2020,
  title={Electric heating and angular momentum transport in laminar models of protoplanetary discs},
  author={B{\'e}thune, William and Latter, Henrik},
  journal={\mnras},
  volume={494},
  number={4},
  pages={6103--6119},
  year={2020},
  publisher={Oxford University Press}
}

@article{yadav2020,
  title={Deep rotating convection generates the polar hexagon on Saturn},
  author={Yadav, Rakesh K and Bloxham, Jeremy},
  journal={Proceedings of the National Academy of Sciences},
  year={2020},
  publisher={National Academy of Sciences}
}

@article{aguiar2010,
  title={A laboratory model of SaturnÃ•s North Polar Hexagon},
  author={Aguiar, Ana C Barbosa and Read, Peter L and Wordsworth, Robin D and Salter, Tara and Yamazaki, Y Hiro},
  journal={Icarus},
  volume={206},
  number={2},
  pages={755--763},
  year={2010},
  publisher={Elsevier}
}

@article{guillot2018,
  title={A suppression of differential rotation in JupiterÃ•s deep interior},
  author={Guillot, Tristan and Miguel, Y and Militzer, B and Hubbard, WB and Kaspi, Y and Galanti, E and Cao, H and Helled, R and Wahl, SM and Iess, L and others},
  journal={Nature},
  volume={555},
  number={7695},
  pages={227--230},
  year={2018},
  publisher={Nature Publishing Group}
}

@article{vaidya2017,
  title={Scalable explicit implementation of anisotropic diffusion with Runge--Kutta--Legendre super-time stepping},
  author={Vaidya, Bhargav and Prasad, Deovrat and Mignone, Andrea and Sharma, Prateek and Rickler, Luca},
  journal={\mnras},
  volume={472},
  number={3},
  pages={3147--3160},
  year={2017},
  publisher={Oxford University Press}
}

@article{lesurpapaloizou2009,
  title={On the stability of elliptical vortices in accretion discs},
  author={Lesur, Geoffroy and Papaloizou, John CB},
  journal={\aap},
  volume={498},
  number={1},
  pages={1--12},
  year={2009},
  publisher={EDP Sciences}
}

@article{stonepringle2001,
  title={Magnetohydrodynamical non-radiative accretion flows in two dimensions},
  author={Stone, James M and Pringle, James E},
  journal={\mnras},
  volume={322},
  number={3},
  pages={461--472},
  year={2001},
  publisher={Blackwell Science Ltd Oxford, UK}
}

@article{hawley2001magnetohydrodynamic,
  title={A magnetohydrodynamic nonradiative accretion flow in three dimensions},
  author={Hawley, John F and Balbus, Steven A and Stone, James M},
  journal={\apjl},
  volume={554},
  number={1},
  pages={L49},
  year={2001},
  publisher={IOP Publishing}
}

@article{hawleybalbus2002,
  title={The dynamical structure of nonradiative black hole accretion flows},
  author={Hawley, John F and Balbus, Steven A},
  journal={\apj},
  volume={573},
  number={2},
  pages={738},
  year={2002},
  publisher={IOP Publishing}
}

@article{balbus2002nature,
  title={On the nature of angular momentum transport in nonradiative accretion flows},
  author={Balbus, Steven A and Hawley, John F},
  journal={\apj},
  volume={573},
  number={2},
  pages={749},
  year={2002},
  publisher={IOP Publishing}
}

@incollection{cameron1969,
  title={Physical conditions in the primitive solar nebula},
  author={Cameron, Alastair Graham Walter},
  booktitle={Meteorite Research},
  pages={7--15},
  year={1969},
  publisher={Springer}
}

@article{pollack1985,
  title={A calculation of the Rosseland mean opacity of dust grains in primordial solar system nebulae},
  author={Pollack, James B and McKay, Christopher P and Christofferson, Bruce M},
  journal={Icarus},
  volume={64},
  number={3},
  pages={471--492},
  year={1985},
  publisher={Elsevier}
}

@article{pietrini2000,
  title={Convective Dynamical Instability in Radiation-supported Accretion Disks},
  author={Pietrini, Paola and Krolik, Julian H},
  journal={\apj},
  volume={539},
  number={1},
  pages={216},
  year={2000},
  publisher={IOP Publishing}
}

@article{blaessocrates2001,
  title={Local dynamical instabilities in magnetized, radiation pressure-supported accretion disks},
  author={Blaes, Omer and Socrates, Aristotle},
  journal={\apj},
  volume={553},
  number={2},
  pages={987},
  year={2001},
  publisher={IOP Publishing}
}

@article{done2007,
  title={Modelling the behaviour of accretion flows in X-ray binaries},
  author={Done, Chris and Gierli{\'n}ski, Marek and Kubota, Aya},
  journal={The \aap Review},
  volume={15},
  number={1},
  pages={1--66},
  year={2007},
  publisher={Springer}
}

@article{yuan2014,
  title={Hot accretion flows around black holes},
  author={Yuan, Feng and Narayan, Ramesh},
  journal={Annual Review of \aap},
  volume={52},
  year={2014}
}

@article{fabianrees1995,
  title={The Accretion luminosity of a massive black hole in an elliptical galaxy},
  author={Fabian, AC and Rees, Martin J},
  journal={\mnras},
  volume={277},
  number={1},
  pages={L55--L58},
  year={1995},
  publisher={Oxford University Press Oxford, UK}
}

@article{rudenlin1986,
  title={The global evolution of the primordial solar nebula},
  author={Ruden, SP and Lin, DNC},
  journal={\apj},
  volume={308},
  pages={883--901},
  year={1986}
}

@article{cabot1987a,
  title={The role of turbulent convection in the primitive solar nebula: I. Theory},
  author={Cabot, W and Canuto, VM and Hubickyj, O and Pollack, JB},
  journal={Icarus},
  volume={69},
  number={3},
  pages={387--422},
  year={1987},
  publisher={Elsevier}
}

@article{cabot1987b,
title = {The role of turbulent convection in the primitive solar nebula: II. Results},
author = {Cabot, W and Canuto, VM and Hubickyj, O and Pollack, JB},
journal = {Icarus},
volume = {69},
number = {3},
pages = {423 - 457},
year = {1987}
}

@article{rudenpollack1991,
  title={The dynamical evolution of the protosolar nebula},
  author={Ruden, Steven P and Pollack, James B},
  journal={\apj},
  volume={375},
  pages={740--760},
  year={1991}
}

@article{turner2014,
  title={Transport and accretion in planet-forming disks},
  author={Turner, Neal J and Fromang, S{\'e}bastien and Gammie, Charles and Klahr, Hubert and Lesur, Geoffroy and Wardle, Mark and Bai, Xue-Ning},
  journal={Protostars and Planets VI},
  pages={411--432},
  year={2014},
  publisher={University of Arizona Press}
}

@article{armitage2001,
  title={Episodic accretion in magnetically layered protoplanetary discs},
  author={Armitage, Philip J and Livio, Mario and Pringle, JE},
  journal={\mnras},
  volume={324},
  number={3},
  pages={705--711},
  year={2001},
  publisher={Blackwell Science Ltd Oxford, UK}
}

@article{zhu2009nonsteady,
  title={Nonsteady accretion in protostars},
  author={Zhu, Zhaohuan and Hartmann, Lee and Gammie, Charles},
  journal={\apj},
  volume={694},
  number={2},
  pages={1045},
  year={2009},
  publisher={IOP Publishing}
}

@article{zhu2010long,
  title={Long-term evolution of protostellar and protoplanetary disks. I. Outbursts},
  author={Zhu, Zhaohuan and Hartmann, Lee and Gammie, Charles F and Book, Laura G and Simon, Jacob B and Engelhard, Eric},
  journal={\apj},
  volume={713},
  number={2},
  pages={1134},
  year={2010},
  publisher={IOP Publishing}
}

@article{kadam2020outbursts,
  title={Outbursts in Global Protoplanetary Disk Simulations},
  author={Kadam, Kundan and Vorobyov, Eduard and Reg{\'a}ly, Zsolt and K{\'o}sp{\'a}l, {\'A}gnes and {\'A}brah{\'a}m, P{\'e}ter},
  journal={\apj},
  volume={895},
  number={1},
  pages={41},
  year={2020},
  publisher={IOP Publishing}
}

@article{cannizzocameron1988,
  title={On convection-induced viscosity in accretion disks in cataclysmic variables},
  author={Cannizzo, John K and Cameron, AGW},
  journal={\apj},
  volume={330},
  pages={327--338},
  year={1988}
}

@article{balbus2001convective,
  title={Convective and rotational stability of a dilute plasma},
  author={Balbus, Steven A},
  journal={\apj},
  volume={562},
  number={2},
  pages={909},
  year={2001},
  publisher={IOP Publishing}
}

@article{balbus2000stability,
  title={Stability, instability, and Ã’backwardÃ“ transport in stratified fluids},
  author={Balbus, Steven A},
  journal={\apj},
  volume={534},
  number={1},
  pages={420},
  year={2000},
  publisher={IOP Publishing}
}

@article{narayan2000self,
  title={Self-similar accretion flows with convection},
  author={Narayan, Ramesh and Igumenshchev, Igor V and Abramowicz, Marek A},
  journal={\apj},
  volume={539},
  number={2},
  pages={798},
  year={2000},
  publisher={IOP Publishing}
}

@article{quataert2000convection,
  title={Convection-dominated accretion flows},
  author={Quataert, Eliot and Gruzinov, Andrei},
  journal={\apj},
  volume={539},
  number={2},
  pages={809},
  year={2000},
  publisher={IOP Publishing}
}

@article{abramowicz2002radial,
  title={On the radial structure of radiatively inefficient accretion flows with convection},
  author={Abramowicz, Marek A and Igumenshchev, Igor V and Quataert, Eliot and Narayan, Ramesh},
  journal={\apj},
  volume={565},
  number={2},
  pages={1101},
  year={2002},
  publisher={IOP Publishing}
}

@article{pessah2008,
  title={Viscous, resistive magnetorotational modes},
  author={Pessah, Martin E and Chan, Chi-kwan},
  journal={\apj},
  volume={684},
  number={1},
  pages={498},
  year={2008},
  publisher={IOP Publishing}
}

@article{lesur2007,
  title={Impact of dimensionless numbers on the efficiency of magnetorotational instability induced turbulent transport},
  author={Lesur, G and Longaretti, P-Y},
  journal={\mnras},
  volume={378},
  number={4},
  pages={1471--1480},
  year={2007},
  publisher={The Royal Astronomical Society}
}

@article{potter2017,
  title={Demonstration of a magnetic Prandtl number disc instability from first principles},
  author={Potter, William J and Balbus, Steven A},
  journal={\mnras},
  volume={472},
  number={3},
  pages={3021--3028},
  year={2017},
  publisher={Oxford University Press}
}

@article{rincon2007,
  title={Self-sustaining nonlinear dynamo process in Keplerian shear flows},
  author={Rincon, F and Ogilvie, GI and Proctor, MRE},
  journal={Physical review letters},
  volume={98},
  number={25},
  pages={254502},
  year={2007},
  publisher={APS}
}

@article{lesur2008self,
  title={On self-sustained dynamo cycles in accretion discs},
  author={Lesur, G and Ogilvie, GI},
  journal={\aap},
  volume={488},
  number={2},
  pages={451--461},
  year={2008},
  publisher={EDP Sciences}
}

@article{lesur2008localized,
  title={Localized magnetorotational instability and its role in the accretion disc dynamo},
  author={Lesur, Geoffroy and Ogilvie, Gordon I},
  journal={\mnras},
  volume={391},
  number={3},
  pages={1437--1450},
  year={2008},
  publisher={Blackwell Publishing Ltd Oxford, UK}
}

@article{herault2011periodic,
  title={Periodic magnetorotational dynamo action as a prototype of nonlinear magnetic-field generation in shear flows},
  author={Herault, Johann and Rincon, Fran{\c{c}}ois and Cossu, Carlo and Lesur, Geoffroy and Ogilvie, Gordon I and Longaretti, P-Y},
  journal={Physical Review E},
  volume={84},
  number={3},
  pages={036321},
  year={2011},
  publisher={APS}
}

@article{riols2015dissipative,
  title={Dissipative effects on the sustainment of a magnetorotational dynamo in Keplerian shear flow},
  author={Riols, Antoine and Rincon, Fran{\c{c}}ois and Cossu, Carlo and Lesur, Geoffroy and Ogilvie, Gordon I and Longaretti, P-Y},
  journal={\aap},
  volume={575},
  pages={A14},
  year={2015},
  publisher={EDP Sciences}
}

@article{riols2017magnetorotational,
  title={Magnetorotational dynamo chimeras-The missing link to turbulent accretion disk dynamo models?},
  author={Riols, A and Rincon, F and Cossu, C and Lesur, G and Ogilvie, GI and Longaretti, P-Y},
  journal={\aap},
  volume={598},
  pages={A87},
  year={2017},
  publisher={EDP Sciences}
}

@article{mamatsashvili2020zero,
  title={Zero Net Flux MRI Turbulence in Disks: Sustenance Scheme and Magnetic Prandtl Number Dependence},
  author={Mamatsashvili, George and Chagelishvili, George and Pessah, Martin E and Stefani, Frank and Bodo, Gianluigi},
  journal={\apj},
  volume={904},
  number={1},
  pages={47},
  year={2020},
  publisher={IOP Publishing}
}

@article{rincon2008subcritical,
  title={Subcritical dynamos in shear flows},
  author={Rincon, F and Ogilvie, GI and Proctor, MRE and Cossu, C},
  journal={Astronomische Nachrichten: Astronomical Notes},
  volume={329},
  number={7},
  pages={750--761},
  year={2008},
  publisher={Wiley Online Library}
}

@article{riols2013global,
  title={Global bifurcations to subcritical magnetorotational dynamo action in Keplerian shear flow},
  author={Riols, Antoine and Rincon, Fran{\c{c}}ois and Cossu, Carlo and Lesur, Geoffroy and Longaretti, P-Y and Ogilvie, Gordon I and Herault, Johann},
  journal={Journal of Fluid Mechanics},
  volume={731},
  pages={1--45},
  year={2013},
  publisher={Cambridge University Press}
}

@article{balbus2008,
  title={On the magnetic Prandtl number behavior of accretion disks},
  author={Balbus, Steven A and Henri, Pierre},
  journal={\apj},
  volume={674},
  number={1},
  pages={408},
  year={2008},
  publisher={IOP Publishing}
}

@article{rossi2008,
  title={Microphysical dissipation, turbulence and magnetic fields in hyper-accreting discs},
  author={Rossi, Elena M and Armitage, Philip J and Menou, Kristen},
  journal={\mnras},
  volume={391},
  number={2},
  pages={922--934},
  year={2008},
  publisher={Blackwell Publishing Ltd Oxford, UK}
}

@article{abbott2017gw170817,
  title={GW170817: observation of gravitational waves from a binary neutron star inspiral},
  author={Abbott, Benjamin P and Abbott, Rich and Abbott, TD and Acernese, Fausto and Ackley, Kendall and Adams, Carl and Adams, Thomas and Addesso, Paolo and Adhikari, RX and Adya, VB and others},
  journal={Physical review letters},
  volume={119},
  number={16},
  pages={161101},
  year={2017},
  publisher={APS}
}

@article{abbott2021observation,
  title={Observation of gravitational waves from two neutron star--black hole coalescences},
  author={Abbott, R and Abbott, TD and Abraham, S and Acernese, F and Ackley, K and Adams, A and Adams, C and Adhikari, RX and Adya, VB and Affeldt, C and others},
  journal={\apjl},
  volume={915},
  number={1},
  pages={L5},
  year={2021},
  publisher={IOP Publishing}
}

@article{fromang2007mhd,
  title={MHD simulations of the magnetorotational instability in a shearing box with zero net flux-II. the effect of transport coefficients},
  author={Fromang, S{\'e}bastien and Papaloizou, John and Lesur, Geoffroy and Heinemann, Tobias},
  journal={\aap},
  volume={476},
  number={3},
  pages={1123--1132},
  year={2007},
  publisher={EDP Sciences}
}

@article{shi2016,
  title={Saturation of the magnetorotational instability in the unstratified shearing box with zero net flux: convergence in taller boxes},
  author={Shi, Ji-Ming and Stone, James M and Huang, Chelsea X},
  journal={\mnras},
  volume={456},
  number={3},
  pages={2273--2289},
  year={2016},
  publisher={The Royal Astronomical Society}
}

@article{meheut2015,
  title={Angular momentum transport and large eddy simulations in magnetorotational turbulence: the small Pm limit},
  author={Meheut, Heloise and Fromang, S{\'e}bastien and Lesur, Geoffroy and Joos, Marc and Longaretti, Pierre-Yves},
  journal={\aap},
  volume={579},
  pages={A117},
  year={2015},
  publisher={EDP Sciences}
}

@article{simon2009,
  title={Viscous and resistive effects on the magnetorotational instability with a net toroidal field},
  author={Simon, Jacob B and Hawley, John F},
  journal={\apj},
  volume={707},
  number={1},
  pages={833},
  year={2009},
  publisher={IOP Publishing}
}

@article{simon2009gudonov,
  title={Simulations of magnetorotational turbulence with a higher-order Godunov scheme},
  author={Simon, Jacob B and Hawley, John F and Beckwith, Kris},
  journal={\apj},
  volume={690},
  number={1},
  pages={974},
  year={2009},
  publisher={IOP Publishing}
}

@article{fromang2010,
  title={MHD simulations of the magnetorotational instability in a shearing box with zero net flux: the case Pm= 4},
  author={Fromang, S{\'e}bastien},
  journal={\aap},
  volume={514},
  pages={L5},
  year={2010},
  publisher={EDP Sciences}
}

@article{takahashi2011,
  title={Stability of MRI-turbulent Accretion Disks},
  author={Takahashi, Hiroyuki R and Masada, Youhei},
  journal={\apj},
  volume={727},
  number={2},
  pages={106},
  year={2011},
  publisher={IOP Publishing}
}

@article{potter2014,
  title={An accretion disc instability induced by a temperature sensitive $\alpha$ parameter},
  author={Potter, William J and Balbus, Steven A},
  journal={\mnras},
  volume={441},
  number={1},
  pages={681--689},
  year={2014},
  publisher={Oxford University Press}
}

@article{kawanaka2019,
  title={Instability in Neutrino-Dominated Accretion Flows and Its Application to Gamma-Ray Bursts},
  author={Kawanaka, Norita and Masada, Youhei and Center, Hakubi},
  year={2019}
}

@article{pessahchanpsaltis2008,
  title={The fundamental difference between shear alpha viscosity and turbulent magnetorotational stresses},
  author={Pessah, Martin E and Chan, Chi-kwan and Psaltis, Dimitrios},
  journal={\mnras},
  volume={383},
  number={2},
  pages={683--690},
  year={2008},
  publisher={The Royal Astronomical Society}
}

@article{lesur2008self,
  title={On self-sustained dynamo cycles in accretion discs},
  author={Lesur, G and Ogilvie, GI},
  journal={\aap},
  volume={488},
  number={2},
  pages={451--461},
  year={2008},
  publisher={EDP Sciences}
}

@article{gardiner2005unsplit,
  title={An unsplit Godunov method for ideal MHD via constrained transport},
  author={Gardiner, Thomas A and Stone, James M},
  journal={Journal of Computational Physics},
  volume={205},
  number={2},
  pages={509--539},
  year={2005},
  publisher={Elsevier}
}

@article{reboul2021global,
  title={A global model of the magnetorotational instability in protoneutron stars},
  author={Reboul-Salze, Alexis and Guilet, J{\'e}r{\^o}me and Raynaud, Rapha{\"e}l and Bugli, Matteo},
  journal={\aap},
  volume={645},
  pages={A109},
  year={2021},
  publisher={EDP Sciences}
}

@article{guilet2015neutrino,
  title={Neutrino viscosity and drag: impact on the magnetorotational instability in protoneutron stars},
  author={Guilet, J{\'e}r{\^o}me and M{\"u}ller, Ewald and Janka, Hans-Thomas},
  journal={\mnras},
  volume={447},
  number={4},
  pages={3992--4003},
  year={2015},
  publisher={Oxford University Press}
}

@article{lesur2021magnetohydrodynamics,
  title={Magnetohydrodynamics of protoplanetary discs},
  author={Lesur, Geoffroy RJ},
  journal={Journal of Plasma Physics},
  volume={87},
  number={1},
  year={2021},
  publisher={Cambridge University Press}
}

@book{spitzer1962,
  title={Physics of fully ionized gases},
  author={Spitzer, Lyman},
  year={1962},
  publisher={Interscience}
}

@article{heldmamatsashvili2022,
  title={MRI turbulence in accretion discs at large magnetic Prandtl numbers},
  author={Held, Loren E and Mamatsashvili, George},
  journal={\mnras},
  volume={517},
  number={2},
  pages={2309â€“-2330},
  year={2022},
  publisher={OXford University Press}
}

@article{kapyla2010open,
  title={Open and closed boundaries in large-scale convective dynamos},
  author={K{\"a}pyl{\"a}, PJ and Korpi, MJ and Brandenburg, Axel},
  journal={\aap},
  volume={518},
  pages={A22},
  year={2010},
  publisher={EDP sciences}
}

@article{johansen2008high,
  title={High accretion rates in magnetised Keplerian discs mediated by a Parker instability driven dynamo},
  author={Johansen, Anders and Levin, Yuri},
  journal={\aap},
  volume={490},
  number={2},
  pages={501--514},
  year={2008},
  publisher={EDP Sciences}
}

@article{blaes2007surface,
  title={Surface structure in an accretion disk annulus with comparable radiation and gas pressure},
  author={Blaes, Omer and Hirose, Shigenobu and Krolik, Julian H},
  journal={\apj},
  volume={664},
  number={2},
  pages={1057},
  year={2007},
  publisher={IOP Publishing}
}

@article{krolik2007thermodynamics,
  title={Thermodynamics of an accretion disk annulus with comparable radiation and gas pressure},
  author={Krolik, Julian H and Hirose, Shigenobu and Blaes, Omer},
  journal={\apj},
  volume={664},
  number={2},
  pages={1045},
  year={2007},
  publisher={IOP Publishing}
}

@ARTICLE{shi2009numerically,
       author = {{Shi}, Jiming and {Krolik}, Julian H. and {Hirose}, Shigenobu},
        title = "{What is the Numerically Converged Amplitude of Magnetohydrodynamics Turbulence in Stratified Shearing Boxes?}",
      journal = {\apj},
     keywords = {accretion, accretion disks, methods: numerical, MHD, radiative transfer, Astrophysics - High Energy Astrophysical Phenomena},
         year = 2010,
        month = jan,
       volume = {708},
       number = {2},
        pages = {1716-1727},
          doi = {10.1088/0004-637X/708/2/1716},
}

@article{tout1992accretion,
  title={Accretion disc viscosity: A simple model for a magnetic dynamo},
  author={Tout, CA and Pringle, JE},
  journal={\mnras},
  volume={259},
  number={4},
  pages={604--612},
  year={1992},
  publisher={Oxford University Press Oxford, UK}
}

@article{shu1974parker,
  title={The Parker instability in differentially-rotating disks},
  author={Shu, Frank H},
  journal={\aap},
  volume={33},
  pages={55},
  year={1974}
}

@article{nauman2014characterizing,
  title={On characterizing non-locality and anisotropy for the magnetorotational instability},
  author={Nauman, Farrukh and Blackman, Eric G},
  journal={\mnras},
  volume={441},
  number={3},
  pages={1855--1860},
  year={2014},
  publisher={Oxford University Press}
}

@article{pessah2008fundamental,
  title={The fundamental difference between shear alpha viscosity and turbulent magnetorotational stresses},
  author={Pessah, Martin E and Chan, Chi-kwan and Psaltis, Dimitrios},
  journal={\mnras},
  volume={383},
  number={2},
  pages={683--690},
  year={2008},
  publisher={The Royal Astronomical Society}
}

@article{kiuchi2022implementation,
  title={Implementation of advanced Riemann solvers in a neutrino-radiation magnetohydrodynamics code in numerical relativity and its application to a binary neutron star merger},
  author={Kiuchi, Kenta and Held, Loren E and Sekiguchi, Yuichiro and Shibata, Masaru},
  journal={Physical Review D},
  volume={106},
  number={12},
  pages={124041},
  year={2022},
  publisher={APS}
}

@article{fujibayashi2020viscous,
  title={Viscous evolution of a massive disk surrounding stellar-mass black holes in full general relativity},
  author={Fujibayashi, Sho and Shibata, Masaru and Wanajo, Shinya and Kiuchi, Kenta and Kyutoku, Koutarou and Sekiguchi, Yuichiro},
  journal={Physical Review D},
  volume={102},
  number={12},
  pages={123014},
  year={2020},
  publisher={APS}
}

@article{shibata2021long,
  title={Long-term evolution of neutron-star merger remnants in general relativistic resistive magnetohydrodynamics with a mean-field dynamo term},
  author={Shibata, Masaru and Fujibayashi, Sho and Sekiguchi, Yuichiro},
  journal={Physical Review D},
  volume={104},
  number={6},
  pages={063026},
  year={2021},
  publisher={APS}
}

@article{reboul2022mri,
  title={MRI-driven $\alpha$$\Omega$ dynamos in protoneutron stars},
  author={Reboul-Salze, Alexis and Guilet, J{\'e}r{\^o}me and Raynaud, Rapha{\"e}l and Bugli, Matteo},
  journal={\aap},
  volume={667},
  pages={A94},
  year={2022},
  publisher={EDP Sciences}
}

@article{miravet2022assessment,
  title={Assessment of a new sub-grid model for magnetohydrodynamical turbulence. I. Magnetorotational instability},
  author={Miravet-Ten{\'e}s, Miquel and Cerd{\'a}-Dur{\'a}n, Pablo and Obergaulinger, Martin and Font, Jos{\'e} A},
  journal={\mnras},
  volume={517},
  number={3},
  pages={3505--3524},
  year={2022},
  publisher={Oxford University Press}
}

@article{ogilvie2013local,
  title={Local and global dynamics of warped astrophysical discs},
  author={Ogilvie, Gordon I and Latter, Henrik N},
  journal={\mnras},
  volume={433},
  number={3},
  pages={2403--2419},
  year={2013},
  publisher={Oxford University Press}
}

@article{ogilvie2014local,
  title={Local and global dynamics of eccentric astrophysical discs},
  author={Ogilvie, Gordon I and Barker, Adrian J},
  journal={\mnras},
  volume={445},
  number={3},
  pages={2621--2636},
  year={2014},
  publisher={Oxford University Press}
}

@article{wienkers2018non,
  title={Non-linear hydrodynamic instability and turbulence in eccentric astrophysical discs with vertical structure},
  author={Wienkers, Aaron F and Ogilvie, Gordon I},
  journal={\mnras},
  volume={477},
  number={4},
  pages={4838--4855},
  year={2018},
  publisher={Oxford University Press}
}

@article{ogilvie2018affine,
  title={An affine model of the dynamics of astrophysical discs},
  author={Ogilvie, Gordon I},
  journal={\mnras},
  volume={477},
  number={2},
  pages={1744--1759},
  year={2018},
  publisher={Oxford University Press}
}

@article{ogilvie2022hydrodynamics,
  title={Hydrodynamics of warps in the local model of astrophysical discs},
  author={Ogilvie, Gordon I},
  journal={\mnras},
  volume={513},
  number={2},
  pages={1701--1718},
  year={2022},
  publisher={Oxford University Press}
}

@article{lubow1981vertically,
  title={Vertically driven resonances in accretion disks},
  author={Lubow, Stephen H},
  journal={\apj},
  volume={245},
  pages={274--285},
  year={1981}
}

@article{lubow1991model,
  title={A model for tidally driven eccentric instabilities in fluid disks},
  author={Lubow, Stephen H},
  journal={\apj},
  volume={381},
  pages={259--267},
  year={1991}
}


@article{ogilvie2002non,
  title={A non-linear theory of vertical resonances in accretion discs},
  author={Ogilvie, G I},
  journal={\mnras},
  volume={331},
  number={4},
  pages={1053--1064},
  year={2002},
  publisher={Blackwell Science Ltd Oxford, UK}
}

@article{fairbairn2021non,
  title={Non-linear resonant torus oscillations as a model of Keplerian disc warp dynamics},
  author={Fairbairn, Callum W and Ogilvie, Gordon I},
  journal={\mnras},
  volume={508},
  number={2},
  pages={2426--2446},
  year={2021},
  publisher={Oxford University Press}
}

@article{ryu2021impact,
  title={The Impact of Shocks on the Vertical Structure of Eccentric Disks},
  author={Ryu, Taeho and Krolik, Julian and Piran, Tsvi},
  journal={\apj},
  volume={920},
  number={2},
  pages={130},
  year={2021},
  publisher={IOP Publishing}
}

@article{ogilvie20083d,
  title={3D eccentric discs around Be stars},
  author={Ogilvie, Gordon I},
  journal={\mnras},
  volume={388},
  number={3},
  pages={1372--1380},
  year={2008},
  publisher={Blackwell Publishing Ltd Oxford, UK}
}

@article{barker2014hydrodynamic,
  title={Hydrodynamic instability in eccentric astrophysical discs},
  author={Barker, Adrian J and Ogilvie, Gordon I},
  journal={\mnras},
  volume={445},
  number={3},
  pages={2637--2654},
  year={2014},
  publisher={Oxford University Press}
}

@article{gammie2000linear,
  title={Linear and non-linear theory of a parametric instability of hydrodynamic warps in Keplerian discs},
  author={Gammie, Charles F and Goodman, Jeremy and Ogilvie, Gordon I},
  journal={\mnras},
  volume={318},
  number={4},
  pages={1005--1016},
  year={2000},
  publisher={Blackwell Science Ltd Oxford, UK}
}

@article{papaloizou1995dynamics,
  title={On the dynamics of tilted discs around young stars},
  author={Papaloizou, John CB and Terquem, Caroline},
  journal={\mnras},
  volume={274},
  number={4},
  pages={987--1001},
  year={1995},
  publisher={Oxford University Press Oxford, UK}
}


@article{lodato2010diffusive,
  title={On the diffusive propagation of warps in thin accretion discs},
  author={Lodato, Giuseppe and Price, Daniel J},
  journal={\mnras},
  volume={405},
  number={2},
  pages={1212--1226},
  year={2010},
  publisher={Blackwell Publishing Ltd Oxford, UK}
}

@article{nixon2012broken,
  title={Broken discs: warp propagation in accretion discs},
  author={Nixon, Christopher J and King, Andrew R},
  journal={\mnras},
  volume={421},
  number={2},
  pages={1201--1208},
  year={2012},
  publisher={Blackwell Publishing Ltd Oxford, UK}
}

@article{tremaine2014dynamics,
  title={Dynamics of warped accretion discs},
  author={Tremaine, Scott and Davis, Shane W},
  journal={\mnras},
  volume={441},
  number={2},
  pages={1408--1434},
  year={2014},
  publisher={Oxford University Press}
}

@article{dougan2018instability,
  title={Instability of warped discs},
  author={Do{\u{g}}an, S and Nixon, CJ and King, AR and Pringle, JE},
  journal={\mnras},
  volume={476},
  number={2},
  pages={1519--1531},
  year={2018},
  publisher={Oxford University Press}
}

@article{drewes2021dynamics,
  title={On the dynamics of low-viscosity warped disks around black holes},
  author={Drewes, NC and Nixon, CJ},
  journal={\apj},
  volume={922},
  number={2},
  pages={243},
  year={2021},
  publisher={IOP Publishing}
}


@article{raj2021disk,
  title={Disk tearing: numerical investigation of warped disk instability},
  author={Raj, Anagha and Nixon, CJ and Do{\u{g}}an, S},
  journal={\apj},
  volume={909},
  number={1},
  pages={81},
  year={2021},
  publisher={IOP Publishing}
}

@article{raj2021disk,
  title={Disk tearing: implications for black hole accretion and AGN variability},
  author={Raj, Anagha and Nixon, CJ},
  journal={\apj},
  volume={909},
  number={1},
  pages={82},
  year={2021},
  publisher={IOP Publishing}
}

@article{drewes2021dynamics,
  title={On the Dynamics of Low-viscosity Warped Disks around Black Holes},
  author={Drewes, NC and Nixon, CJ},
  journal={\apj},
  volume={922},
  number={2},
  pages={243},
  year={2021},
  publisher={IOP Publishing}
}

@article{liska2021disc,
  title={Disc tearing and Bardeen--Petterson alignment in GRMHD simulations of highly tilted thin accretion discs},
  author={Liska, M and Hesp, C and Tchekhovskoy, A and Ingram, A and Van Der Klis, M and Markoff, SB and Van Moer, M},
  journal={\mnras},
  volume={507},
  number={1},
  pages={983--990},
  year={2021},
  publisher={Oxford University Press}
}

@article{bardeen1975lense,
  title={The Lense-Thirring effect and accretion disks around Kerr black holes},
  author={Bardeen, James M and Petterson, Jacobus A},
  journal={\apjl},
  volume={195},
  pages={L65},
  year={1975}
}


@article{kaaz2023nozzle,
  title={Nozzle Shocks, Disk Tearing, and Streamers Drive Rapid Accretion in 3D GRMHD Simulations of Warped Thin Disks},
  author={Kaaz, Nicholas and Liska, Matthew TP and Jacquemin-Ide, Jonatan and Andalman, Zachary L and Musoke, Gibwa and Tchekhovskoy, Alexander and Porth, Oliver},
  journal={\apj},
  volume={955},
  number={1},
  pages={72},
  year={2023},
  publisher={IOP Publishing}
}

@article{kormendy2013coevolution,
  title={Coevolution (or not) of supermassive black holes and host galaxies},
  author={Kormendy, John and Ho, Luis C},
  journal={Annual Review of \aap},
  volume={51},
  pages={511--653},
  year={2013},
  publisher={Annual Reviews}
}

@article{chiang2004circumbinary,
  title={The circumbinary ring of KH 15D},
  author={Chiang, Eugene I and Murray-Clay, Ruth A},
  journal={\apj},
  volume={607},
  number={2},
  pages={913},
  year={2004},
  publisher={IOP Publishing}
}


@article{begelman2006nature,
  title={The nature of SS433 and the ultraluminous X-ray sources},
  author={Begelman, MC and King, Andrew R and Pringle, JE},
  journal={\mnras},
  volume={370},
  number={1},
  pages={399--404},
  year={2006},
  publisher={Blackwell Publishing Ltd Oxford, UK}
}

@article{miyoshi1995evidence,
  title={Evidence for a black hole from high rotation velocities in a sub-parsec region of NGC4258},
  author={Miyoshi, Makoto and Moran, James and Herrnstein, James and Greenhill, Lincoln and Nakai, Naomasa and Diamond, Philip and Inoue, Makoto},
  journal={Nature},
  volume={373},
  number={6510},
  pages={127--129},
  year={1995},
  publisher={Nature Publishing Group UK London}
}

@article{herrnstein1996warp,
  title={The warp in the subparsec molecular disk in NGC 4258 as an explanation for persistent asymmetries in the maser spectrum},
  author={Herrnstein, Jo R and Greenhill, Lo Jo and Moran, Jo Mo},
  journal={\apj},
  volume={468},
  number={1},
  pages={L17},
  year={1996},
  publisher={IOP Publishing}
}

@article{goodman1993local,
  title={A local instability of tidally distorted accretion disks},
  author={Goodman, Jeremy},
  journal={\apj},
  volume={406},
  pages={596--613},
  year={1993}
}

@article{ryu1994nonlinear,
  title={NONLINEAR EVOLUTION OF TIDALLY DISTORTED ACCRETION DISKS 2 DIMENSIONAL SIMULATIONS},
  author={Ryu, Dongsu and Goodman, Jeremiah},
  year={1994},
  publisher={IOP PUBLISHING LTD}
}

@article{paardekooper2019local,
  title={Local numerical simulations of warped discs},
  author={Paardekooper, Sijme-Jan and Ogilvie, Gordon I},
  journal={\mnras},
  volume={483},
  number={3},
  pages={3738--3753},
  year={2019},
  publisher={Oxford University Press}
}

@article{goldreich1979excitation,
  title={The excitation of density waves at the Lindblad and corotation resonances by an external potential},
  author={Goldreich, Peter and Tremaine, Scott},
  journal={\apj},
  volume={233},
  number={3},
  pages={857--871},
  year={1979},
  publisher={American Astronomical Society}
}

@article{nixon2015resonances,
  title={Resonances in retrograde circumbinary discs},
  author={Nixon, Chris and Lubow, Stephen H},
  journal={\mnras},
  volume={448},
  number={4},
  pages={3472--3483},
  year={2015},
  publisher={Oxford University Press}
}

@article{lubow2015tidal,
  title={Tidal torques on misaligned disks in binary systems},
  author={Lubow, Stephen H and Martin, Rebecca G and Nixon, Chris},
  journal={\apj},
  volume={800},
  number={2},
  pages={96},
  year={2015},
  publisher={IOP Publishing}
}



@article{armitage2022lecture,
  title={Lecture notes on accretion disk physics},
  author={Armitage, Philip J},
  journal={arXiv preprint arXiv:2201.07262},
  year={2022}
}


@article{deng2022non,
  title={Non-linear behaviour of warped discs around a central object with a quadrupole moment},
  author={Deng, Hongping and Ogilvie, Gordon I},
  journal={\mnras},
  volume={512},
  number={4},
  pages={6078--6092},
  year={2022},
  publisher={Oxford University Press}
}

@article{ju2016global,
  title={Global MHD simulations of accretion disks in cataclysmic variables. I. The importance of spiral shocks},
  author={Ju, Wenhua and Stone, James M and Zhu, Zhaohuan},
  journal={\apj},
  volume={823},
  number={2},
  pages={81},
  year={2016},
  publisher={IOP Publishing}
}


@article{artymowicz1994dynamics,
  title={Dynamics of binary-disk interaction. 1: Resonances and disk gap sizes},
  author={Artymowicz, Pawel and Lubow, Stephen H},
  journal={\apj},
  volume={421},
  pages={651--667},
  year={1994}
}


@article{lynch2021importance,
  title={Importance of magnetic fields in highly eccentric discs with applications to tidal disruption events},
  author={Lynch, Elliot M and Ogilvie, Gordon I},
  journal={\mnras},
  volume={501},
  number={4},
  pages={5500--5516},
  year={2021},
  publisher={Oxford University Press}
}

@article{papaloizou2005local,
  title={The local instability of steady astrophysical flows with non circular streamlines with application to differentially rotating disks with free eccentricity},
  author={Papaloizou, John CB},
  journal={\aap},
  volume={432},
  number={3},
  pages={743--755},
  year={2005},
  publisher={EDP Sciences}
}

@article{papaloizou2005global,
  title={Global numerical simulations of differentially rotating disks with free eccentricity},
  author={Papaloizou, JCB},
  journal={\aap},
  volume={432},
  number={3},
  pages={757--769},
  year={2005},
  publisher={EDP Sciences}
}

@article{chan2023magnetorotational,
  title={Magnetorotational instability in eccentric disks under vertical gravity},
  author={Chan, Chi-Ho and Piran, Tsvi and Krolik, Julian H},
  journal={arXiv preprint arXiv:2312.06775},
  year={2023}
}

@article{miles1990parametrically,
  title={Parametrically forced surface waves},
  author={Miles, John and Henderson, Diane},
  journal={Annual Review of Fluid Mechanics},
  volume={22},
  number={1},
  pages={143--165},
  year={1990},
  publisher={Annual Reviews 4139 El Camino Way, PO Box 10139, Palo Alto, CA 94303-0139, USA}
}

@article{blaes2006oscillation,
  title={Oscillation modes of relativistic slender tori},
  author={Blaes, Omer M and Arras, P and Fragile, PC},
  journal={\mnras},
  volume={369},
  number={3},
  pages={1235--1252},
  year={2006},
  publisher={Blackwell Publishing Ltd Oxford, UK}
}

@article{stehle1999hydrodynamics,
  title={Hydrodynamics of accretion discs of variable thickness},
  author={Stehle, R and Spruit, HC},
  journal={\mnras},
  volume={304},
  number={3},
  pages={674--686},
  year={1999},
  publisher={Blackwell Science Ltd Oxford, UK}
}

@article{stehle1999CVsimulations,
  title={Hydrodynamic simulations of cataclysmic variable accretion discs in outburst},
  author={Stehle, R},
  journal={\mnras},
  volume={304},
  number={3},
  pages={687--697},
  year={1999},
  publisher={Blackwell Science Ltd Oxford, UK}
}


@article{sakai2019warped,
  title={A warped disk around an infant protostar},
  author={Sakai, Nami and Hanawa, Tomoyuki and Zhang, Yichen and Higuchi, Aya E and Ohashi, Satoshi and Oya, Yoko and Yamamoto, Satoshi},
  journal={Nature},
  volume={565},
  number={7738},
  pages={206--208},
  year={2019},
  publisher={Nature Publishing Group UK London}
}

@article{katz1973thirty,
  title={Thirty-five-day Periodicity in Her X-1},
  author={Katz, JI},
  journal={Nature Physical Science},
  volume={246},
  number={154},
  pages={87--89},
  year={1973},
  publisher={Nature Publishing Group UK London}
}

@article{kraus2020triple,
  title={A triple-star system with a misaligned and warped circumstellar disk shaped by disk tearing},
  author={Kraus, Stefan and Kreplin, Alexander and Young, Alison K and Bate, Matthew R and Monnier, John D and Harries, Tim J and Avenhaus, Henning and Kluska, Jacques and Laws, Anna SE and Rich, Evan A and others},
  journal={Science},
  volume={369},
  number={6508},
  pages={1233--1238},
  year={2020},
  publisher={American Association for the Advancement of Science}
}

@article{villenave2024jwst,
  title={JWST Imaging of Edge-on Protoplanetary Disks. II. Appearance of Edge-on Disks with a Tilted Inner Region: Case Study of IRAS04302+ 2247},
  author={Villenave, Marion and Stapelfeldt, Karl R and Duch{\^e}ne, Gaspard and M{\'e}nard, Fran{\c{c}}ois and Wolff, Schuyler G and Perrin, Marshall D and Pinte, Christophe and Tazaki, Ryo and Padgett, Deborah L},
  journal={\apj},
  volume={961},
  number={1},
  pages={95},
  year={2024},
  publisher={IOP Publishing}
}

@article{poon2021constraining,
  title={Constraining the circumbinary disc tilt in the KH 15D system},
  author={Poon, Michael and Zanazzi, JJ and Zhu, Wei},
  journal={\mnras},
  volume={503},
  number={2},
  pages={1599--1614},
  year={2021},
  publisher={Oxford University Press}
}

@article{bohn2022probing,
  title={Probing inner and outer disk misalignments in transition disks-Constraints from VLTI/GRAVITY and ALMA observations},
  author={Bohn, AJ and Benisty, M and Perraut, K and van Der Marel, N and W{\"o}lfer, L and Van Dishoeck, EF and Facchini, S and Manara, CF and Teague, R and Francis, L and others},
  journal={\aap},
  volume={658},
  pages={A183},
  year={2022},
  publisher={EDP Sciences}
}

@article{kluska2020family,
  title={A family portrait of disk inner rims around Herbig Ae/Be stars-Hunting for warps, rings, self shadowing, and misalignments in the inner astronomical units},
  author={Kluska, J and Berger, J-P and Malbet, Fabien and Lazareff, B and Benisty, Myriam and Le Bouquin, J-B and Absil, Olivier and Baron, F and Delboulb{\'e}, A and Duvert, G and others},
  journal={\aap},
  volume={636},
  pages={A116},
  year={2020},
  publisher={EDP Sciences}
}

@article{held2024mri,
  title={MRI turbulence in vertically stratified accretion discs at large magnetic Prandtl numbers},
  author={Held, Loren E and Mamatsashvili, George and Pessah, Martin E},
  journal={\mnras},
  volume={530},
  number={2},
  pages={2232--2250},
  year={2024},
  publisher={Oxford University Press}
}


@article{gerend1976optical,
  title={Optical clues to the nature of Hercules X-1/HZ Herculis},
  author={Gerend, D and Boynton, PE},
  journal={\apj},
  volume={209},
  pages={562--573},
  year={1976}
}

@article{kotze2012characterizing,
  title={Characterizing X-ray binary long-term variability},
  author={Kotze, MM and Charles, PA},
  journal={\mnras},
  volume={420},
  number={2},
  pages={1575--1589},
  year={2012},
  publisher={Blackwell Publishing Ltd Oxford, UK}
}

@article{thomas2022large,
  title={Large optical modulations during 2018 outburst of MAXI J1820+ 070 reveal evolution of warped accretion disc through X-ray state change},
  author={Thomas, Jessymol K and Charles, Philip A and Buckley, David AH and Kotze, Marissa M and Lasota, Jean-Pierre and Potter, Stephen B and Steiner, James F and Paice, John A},
  journal={\mnras},
  volume={509},
  number={1},
  pages={1062--1074},
  year={2022},
  publisher={Oxford University Press}
}

@article{bi2020gw,
  title={GW Ori: interactions between a triple-star system and its circumtriple disk in action},
  author={Bi, Jiaqing and van Der Marel, Nienke and Dong, Ruobing and Muto, Takayuki and Martin, Rebecca G and Smallwood, Jeremy L and Hashimoto, Jun and Liu, Hauyu Baobab and Nomura, Hideko and Hasegawa, Yasuhiro and others},
  journal={\apjl},
  volume={895},
  number={1},
  pages={L18},
  year={2020},
  publisher={IOP Publishing}
}

@article{clarkson2003long,
  title={Long-term properties of accretion discs in X-ray binariesâ€”I. The variable third period in SMC X-1},
  author={Clarkson, WI and Charles, PA and Coe, MJ and Laycock, S and Tout, MD and Wilson, CA},
  journal={\mnras},
  volume={339},
  number={2},
  pages={447--454},
  year={2003},
  publisher={Blackwell Science Ltd Oxford, UK}
}

@article{greenhill2003warped,
  title={A warped accretion disk and wide-angle outflow in the inner parsec of the Circinus galaxy},
  author={Greenhill, Lincoln Jared and Booth, RS and Ellingsen, SP and Herrnstein, JR and Jauncey, DL and McCulloch, Peter M and Moran, James M and Norris, RP and Reynolds, JE and Tzioumis, Anastasios K},
  journal={\apj},
  volume={590},
  number={1},
  pages={162},
  year={2003},
  publisher={IOP Publishing}
}

@article{ogilvie2002tidally,
  title={Tidally distorted accretion discs in binary stars},
  author={Ogilvie, G I},
  journal={\mnras},
  volume={330},
  number={4},
  pages={937--949},
  year={2002},
  publisher={Blackwell Science Ltd Oxford, UK}
}

@article{goodman1993local,
  title={A local instability of tidally distorted accretion disks},
  author={Goodman, Jeremy},
  journal={\apj},
  volume={406},
  pages={596--613},
  year={1993}
}

@article{papaloizou1995dynamics,
  title={On the dynamics of tilted discs around young stars},
  author={Papaloizou, John CB and Terquem, Caroline},
  journal={\mnras},
  volume={274},
  number={4},
  pages={987--1001},
  year={1995},
  publisher={Oxford University Press Oxford, UK}
}

@article{papaloizou2005local,
  title={The local instability of steady astrophysical flows with non circular streamlines with application to differentially rotating disks with free eccentricity},
  author={Papaloizou, John CB},
  journal={\aap},
  volume={432},
  number={3},
  pages={743--755},
  year={2005},
  publisher={EDP Sciences}
}

@book{tremaine2023dynamics,
  title={Dynamics of Planetary Systems},
  author={Tremaine, S.},
  isbn={9780691244228},
  lccn={2022030956},
  series={Princeton Series in Astrophysics},
  url={https://books.google.de/books?id=FNGAEAAAQBAJ},
  year={2023},
  publisher={Princeton University Press}
}

@ARTICLE{1987Icar...69..157M,
       author = {{Meyer-Vernet}, N. and {Sicardy}, B.},
        title = "{On the physics of resonant disk-satellite interaction}",
      journal = {\icarus},
     keywords = {Accretion Disks, Momentum Transfer, Natural Satellites, Planetary Rings, Resonance, Rotating Disks, Dissipation, Friction, Gravitational Effects, Pressure Effects, Torque, Viscosity, PLANETS, SATELLITES, RESONANCE, PHYSICS, ANGULAR MOMENTUM, PERTURBATIONS, FRICTION, GRAVITY EFFECTS, PRESSURE, VISCOSITY, PARAMETERS, ACCRETION, WAVES, RINGS, TORQUE, CALCULATIONS, FORMATION},
         year = 1987,
        month = jan,
       volume = {69},
       number = {1},
        pages = {157-175},
          doi = {10.1016/0019-1035(87)90011-X},
       adsurl = {https://ui.adsabs.harvard.edu/abs/1987Icar...69..157M},
      adsnote = {Provided by the SAO/NASA Astrophysics Data System}
}

@ARTICLE{2020MNRAS.496.2849P,
       author = {{Pierens}, Arnaud and {McNally}, Colin P. and {Nelson}, Richard P.},
        title = "{Hydrodynamical turbulence in eccentric circumbinary discs and its impact on the in situ formation of circumbinary planets}",
      journal = {\mnras},
     keywords = {methods: numerical, planet-disc interactions, planets and satellites: formation, Accretion, Hydrodynamics, accretion discs, Astrophysics - Earth and Planetary Astrophysics, Astrophysics - Solar and Stellar Astrophysics},
         year = 2020,
        month = aug,
       volume = {496},
       number = {3},
        pages = {2849-2867},
          doi = {10.1093/mnras/staa1550},
archivePrefix = {arXiv},
       eprint = {2005.14693},
 primaryClass = {astro-ph.EP},
       adsurl = {https://ui.adsabs.harvard.edu/abs/2020MNRAS.496.2849P},
      adsnote = {Provided by the SAO/NASA Astrophysics Data System}
}

