@ARTICLE{2018AJ....156..123A,
       author = {{Astropy Collaboration} and {Price-Whelan}, A.~M. and {Sip{\H{o}}cz}, B.~M. and {G{\"u}nther}, H.~M. and {Lim}, P.~L. and {Crawford}, S.~M. and {Conseil}, S. and {Shupe}, D.~L. and {Craig}, M.~W. and {Dencheva}, N. and {Ginsburg}, A. and {VanderPlas}, J.~T. and {Bradley}, L.~D. and {P{\'e}rez-Su{\'a}rez}, D. and {de Val-Borro}, M. and {Aldcroft}, T.~L. and {Cruz}, K.~L. and {Robitaille}, T.~P. and {Tollerud}, E.~J. and {Ardelean}, C. and {Babej}, T. and {Bach}, Y.~P. and {Bachetti}, M. and {Bakanov}, A.~V. and {Bamford}, S.~P. and {Barentsen}, G. and {Barmby}, P. and {Baumbach}, A. and {Berry}, K.~L. and {Biscani}, F. and {Boquien}, M. and {Bostroem}, K.~A. and {Bouma}, L.~G. and {Brammer}, G.~B. and {Bray}, E.~M. and {Breytenbach}, H. and {Buddelmeijer}, H. and {Burke}, D.~J. and {Calderone}, G. and {Cano Rodr{\'\i}guez}, J.~L. and {Cara}, M. and {Cardoso}, J.~V.~M. and {Cheedella}, S. and {Copin}, Y. and {Corrales}, L. and {Crichton}, D. and {D'Avella}, D. and {Deil}, C. and {Depagne}, {\'E}. and {Dietrich}, J.~P. and {Donath}, A. and {Droettboom}, M. and {Earl}, N. and {Erben}, T. and {Fabbro}, S. and {Ferreira}, L.~A. and {Finethy}, T. and {Fox}, R.~T. and {Garrison}, L.~H. and {Gibbons}, S.~L.~J. and {Goldstein}, D.~A. and {Gommers}, R. and {Greco}, J.~P. and {Greenfield}, P. and {Groener}, A.~M. and {Grollier}, F. and {Hagen}, A. and {Hirst}, P. and {Homeier}, D. and {Horton}, A.~J. and {Hosseinzadeh}, G. and {Hu}, L. and {Hunkeler}, J.~S. and {Ivezi{\'c}}, {\v{Z}}. and {Jain}, A. and {Jenness}, T. and {Kanarek}, G. and {Kendrew}, S. and {Kern}, N.~S. and {Kerzendorf}, W.~E. and {Khvalko}, A. and {King}, J. and {Kirkby}, D. and {Kulkarni}, A.~M. and {Kumar}, A. and {Lee}, A. and {Lenz}, D. and {Littlefair}, S.~P. and {Ma}, Z. and {Macleod}, D.~M. and {Mastropietro}, M. and {McCully}, C. and {Montagnac}, S. and {Morris}, B.~M. and {Mueller}, M. and {Mumford}, S.~J. and {Muna}, D. and {Murphy}, N.~A. and {Nelson}, S. and {Nguyen}, G.~H. and {Ninan}, J.~P. and {N{\"o}the}, M. and {Ogaz}, S. and {Oh}, S. and {Parejko}, J.~K. and {Parley}, N. and {Pascual}, S. and {Patil}, R. and {Patil}, A.~A. and {Plunkett}, A.~L. and {Prochaska}, J.~X. and {Rastogi}, T. and {Reddy Janga}, V. and {Sabater}, J. and {Sakurikar}, P. and {Seifert}, M. and {Sherbert}, L.~E. and {Sherwood-Taylor}, H. and {Shih}, A.~Y. and {Sick}, J. and {Silbiger}, M.~T. and {Singanamalla}, S. and {Singer}, L.~P. and {Sladen}, P.~H. and {Sooley}, K.~A. and {Sornarajah}, S. and {Streicher}, O. and {Teuben}, P. and {Thomas}, S.~W. and {Tremblay}, G.~R. and {Turner}, J.~E.~H. and {Terr{\'o}n}, V. and {van Kerkwijk}, M.~H. and {de la Vega}, A. and {Watkins}, L.~L. and {Weaver}, B.~A. and {Whitmore}, J.~B. and {Woillez}, J. and {Zabalza}, V. and {Astropy Contributors}},
        title = "{The Astropy Project: Building an Open-science Project and Status of the v2.0 Core Package}",
      journal = {\aj},
     keywords = {methods: data analysis, methods: miscellaneous, methods: statistical, reference systems, Astrophysics - Instrumentation and Methods for Astrophysics},
         year = 2018,
        month = sep,
       volume = {156},
       number = {3},
          eid = {123},
        pages = {123},
          doi = {10.3847/1538-3881/aabc4f},
archivePrefix = {arXiv},
       eprint = {1801.02634},
 primaryClass = {astro-ph.IM},
       adsurl = {https://ui.adsabs.harvard.edu/abs/2018AJ....156..123A},
      adsnote = {Provided by the SAO/NASA Astrophysics Data System}
}

@ARTICLE{2013A&A...558A..33A,
       author = {{Astropy Collaboration} and {Robitaille}, Thomas P. and
         {Tollerud}, Erik J. and {Greenfield}, Perry and {Droettboom}, Michael and
         {Bray}, Erik and {Aldcroft}, Tom and {Davis}, Matt and
         {Ginsburg}, Adam and {Price-Whelan}, Adrian M. and
         {Kerzendorf}, Wolfgang E. and {Conley}, Alexander and {Crighton}, Neil and
         {Barbary}, Kyle and {Muna}, Demitri and {Ferguson}, Henry and
         {Grollier}, Fr{\'e}d{\'e}ric and {Parikh}, Madhura M. and
         {Nair}, Prasanth H. and {Unther}, Hans M. and {Deil}, Christoph and
         {Woillez}, Julien and {Conseil}, Simon and {Kramer}, Roban and
         {Turner}, James E.~H. and {Singer}, Leo and {Fox}, Ryan and
         {Weaver}, Benjamin A. and {Zabalza}, Victor and {Edwards}, Zachary I. and
         {Azalee Bostroem}, K. and {Burke}, D.~J. and {Casey}, Andrew R. and
         {Crawford}, Steven M. and {Dencheva}, Nadia and {Ely}, Justin and
         {Jenness}, Tim and {Labrie}, Kathleen and {Lim}, Pey Lian and
         {Pierfederici}, Francesco and {Pontzen}, Andrew and {Ptak}, Andy and
         {Refsdal}, Brian and {Servillat}, Mathieu and {Streicher}, Ole},
        title = "{Astropy: A community Python package for astronomy}",
      journal = {\aap},
     keywords = {methods: data analysis, methods: miscellaneous, virtual observatory tools, Astrophysics - Instrumentation and Methods for Astrophysics},
         year = "2013",
        month = "Oct",
       volume = {558},
          eid = {A33},
        pages = {A33},
          doi = {10.1051/0004-6361/201322068},
archivePrefix = {arXiv},
       eprint = {1307.6212},
 primaryClass = {astro-ph.IM},
       adsurl = {https://ui.adsabs.harvard.edu/abs/2013A&A...558A..33A},
      adsnote = {Provided by the SAO/NASA Astrophysics Data System}
}

@ARTICLE{1996A&AS..117..393B,
       author = {{Bertin}, E. and {Arnouts}, S.},
        title = "{SExtractor: Software for source extraction.}",
      journal = {\aaps},
     keywords = {METHODS: DATA ANALYSIS, TECHNIQUES: IMAGE PROCESSING, GALAXIES: PHOTOMETRY},
         year = "1996",
        month = "Jun",
       volume = {117},
        pages = {393-404},
          doi = {10.1051/aas:1996164},
       adsurl = {https://ui.adsabs.harvard.edu/abs/1996A&AS..117..393B},
      adsnote = {Provided by the SAO/NASA Astrophysics Data System}
}

@ARTICLE{2018AJ....156...82C,
       author = {{Cloutier}, Ryan and {Doyon}, Ren{\'e} and {Bouchy}, Francois and
         {H{\'e}brard}, Guillaume},
        title = "{Quantifying the Observational Effort Required for the Radial Velocity Characterization of TESS Planets}",
      journal = {\aj},
     keywords = {methods: analytical, planets and satellites: detection, planets and satellites: fundamental parameters, techniques: radial velocities, Astrophysics - Earth and Planetary Astrophysics},
         year = "2018",
        month = "Aug",
       volume = {156},
       number = {2},
          eid = {82},
        pages = {82},
          doi = {10.3847/1538-3881/aacea9},
archivePrefix = {arXiv},
       eprint = {1807.01263},
 primaryClass = {astro-ph.EP},
       adsurl = {https://ui.adsabs.harvard.edu/abs/2018AJ....156...82C},
      adsnote = {Provided by the SAO/NASA Astrophysics Data System}
}

@ARTICLE{2015ApJ...805...23C,
       author = {{Corrales}, Lia},
        title = "{X-Ray Scattering Echoes and Ghost Halos from the Intergalactic Medium: Relation to the Nature of AGN Variability}",
      journal = {\apj},
     keywords = {accretion, accretion disks, dust, extinction, quasars: general, intergalactic medium, X-rays: ISM, Astrophysics - High Energy Astrophysical Phenomena, Astrophysics - Astrophysics of Galaxies},
         year = "2015",
        month = "May",
       volume = {805},
       number = {1},
          eid = {23},
        pages = {23},
          doi = {10.1088/0004-637X/805/1/23},
archivePrefix = {arXiv},
       eprint = {1503.01475},
 primaryClass = {astro-ph.HE},
       adsurl = {https://ui.adsabs.harvard.edu/abs/2015ApJ...805...23C},
      adsnote = {Provided by the SAO/NASA Astrophysics Data System}
}

@ARTICLE{2013RMxAA..49..137F,
       author = {{Ferland}, G.~J. and {Porter}, R.~L. and {van Hoof}, P.~A.~M. and
         {Williams}, R.~J.~R. and {Abel}, N.~P. and {Lykins}, M.~L. and
         {Shaw}, G. and {Henney}, W.~J. and {Stancil}, P.~C.},
        title = "{The 2013 Release of Cloudy}",
      journal = {\rmxaa},
     keywords = {atomic processes, galaxies: active, methods: numerical, molecular processes, radiation mechanisms: general, Astrophysics - Galaxy Astrophysics, Astrophysics - Cosmology and Extragalactic Astrophysics, Astrophysics - Instrumentation and Methods for Astrophysics},
         year = "2013",
        month = "Apr",
       volume = {49},
        pages = {137-163},
archivePrefix = {arXiv},
       eprint = {1302.4485},
 primaryClass = {astro-ph.GA},
       adsurl = {https://ui.adsabs.harvard.edu/abs/2013RMxAA..49..137F},
      adsnote = {Provided by the SAO/NASA Astrophysics Data System}
}

@INPROCEEDINGS{1989BAAS...21..780H,
       author = {{Hanisch}, R.~J. and {Biemesderfer}, C.~D.},
        title = "{T$_{E}$X and LAT$_{E}$X Macro Definition Files for Astronomical Publications}",
    booktitle = {\baas},
         year = "1989",
        month = "Mar",
        pages = {780},
       adsurl = {https://ui.adsabs.harvard.edu/abs/1989BAAS...21..780H},
      adsnote = {Provided by the SAO/NASA Astrophysics Data System}
}

@BOOK{lamport94,
       author = {{Lamport}, L.},
        title = "{LaTeX: A Document Preparation System}",
    publisher = {Addison-Wesley Professional},
	 year = "1994",
      edition = {2},
	 isbn = {0201529831}
}

@ARTICLE{2018ApJ...868L..33L,
       author = {{Li}, Leping and {Zhang}, Jun and {Peter}, Hardi and
         {Chitta}, Lakshmi Pradeep and {Su}, Jiangtao and {Song}, Hongqiang and
         {Xia}, Chun and {Hou}, Yijun},
        title = "{Quasi-periodic Fast Propagating Magnetoacoustic Waves during the Magnetic Reconnection Between Solar Coronal Loops}",
      journal = {\apj},
     keywords = {magnetic reconnection, plasmas, Sun: corona, Sun: UV radiation, waves, Astrophysics - Solar and Stellar Astrophysics},
         year = "2018",
        month = "Dec",
       volume = {868},
       number = {2},
          eid = {L33},
        pages = {L33},
          doi = {10.3847/2041-8213/aaf167},
archivePrefix = {arXiv},
       eprint = {1811.08553},
 primaryClass = {astro-ph.SR},
       adsurl = {https://ui.adsabs.harvard.edu/abs/2018ApJ...868L..33L},
      adsnote = {Provided by the SAO/NASA Astrophysics Data System}
}

@ARTICLE{2016AJ....152...41P,
       author = {{Pr{\v{s}}a}, Andrej and {Harmanec}, Petr and {Torres}, Guillermo and
         {Mamajek}, Eric and {Asplund}, Martin and {Capitaine}, Nicole and
         {Christensen-Dalsgaard}, J{\o}rgen and {Depagne}, {\'E}ric and
         {Haberreiter}, Margit and {Hekker}, Saskia},
        title = "{Nominal Values for Selected Solar and Planetary Quantities: IAU 2015 Resolution B3}",
      journal = {\aj},
     keywords = {planets and satellites: fundamental parameters, standards, stars: fundamental parameters, stars: general, Sun: fundamental parameters, Astrophysics - Solar and Stellar Astrophysics, Astrophysics - Earth and Planetary Astrophysics, Astrophysics - Instrumentation and Methods for Astrophysics},
         year = "2016",
        month = "Aug",
       volume = {152},
       number = {2},
          eid = {41},
        pages = {41},
          doi = {10.3847/0004-6256/152/2/41},
archivePrefix = {arXiv},
       eprint = {1605.09788},
 primaryClass = {astro-ph.SR},
       adsurl = {https://ui.adsabs.harvard.edu/abs/2016AJ....152...41P},
      adsnote = {Provided by the SAO/NASA Astrophysics Data System}
}

@ARTICLE{2011ApJS..197...31S,
       author = {{Schwarz}, Greg J. and {Ness}, Jan-Uwe and {Osborne}, J.~P. and
         {Page}, K.~L. and {Evans}, P.~A. and {Beardmore}, A.~P. and
         {Walter}, Frederick M. and {Helton}, L. Andrew and
         {Woodward}, Charles E. and {Bode}, Mike and {Starrfield}, Sumner and
         {Drake}, Jeremy J.},
        title = "{Swift X-Ray Observations of Classical Novae. II. The Super Soft Source Sample}",
      journal = {\apjs},
     keywords = {novae, cataclysmic variables, ultraviolet: stars, X-rays: stars, Astrophysics - Solar and Stellar Astrophysics, Astrophysics - High Energy Astrophysical Phenomena},
         year = "2011",
        month = "Dec",
       volume = {197},
       number = {2},
          eid = {31},
        pages = {31},
          doi = {10.1088/0067-0049/197/2/31},
archivePrefix = {arXiv},
       eprint = {1110.6224},
 primaryClass = {astro-ph.SR},
       adsurl = {https://ui.adsabs.harvard.edu/abs/2011ApJS..197...31S},
      adsnote = {Provided by the SAO/NASA Astrophysics Data System}
}

@ARTICLE{2014ApJ...793..127V,
       author = {{Vogt}, Fr{\'e}d{\'e}ric P.~A. and {Dopita}, Michael A. and
         {Kewley}, Lisa J. and {Sutherland}, Ralph S. and
         {Scharw{\"a}chter}, Julia and {Basurah}, Hassan M. and {Ali}, Alaa and
         {Amer}, Morsi A.},
        title = "{Galaxy Emission Line Classification Using Three-dimensional Line Ratio Diagrams}",
      journal = {\apj},
     keywords = {galaxies: abundances, galaxies: general, galaxies: Seyfert, galaxies: starburst, H II regions, ISM: lines and bands, Astrophysics - Astrophysics of Galaxies},
         year = "2014",
        month = "Oct",
       volume = {793},
       number = {2},
          eid = {127},
        pages = {127},
          doi = {10.1088/0004-637X/793/2/127},
archivePrefix = {arXiv},
       eprint = {1406.5186},
 primaryClass = {astro-ph.GA},
       adsurl = {https://ui.adsabs.harvard.edu/abs/2014ApJ...793..127V},
      adsnote = {Provided by the SAO/NASA Astrophysics Data System}
}


%%%% Newly added reference:

@ARTICLE{DeyLegacy2019,
       author = {{Dey}, Arjun and {Schlegel}, David J. and {Lang}, Dustin and
         {Blum}, Robert and {Burleigh}, Kaylan and {Fan}, Xiaohui and
         {Findlay}, Joseph R. and {Finkbeiner}, Doug and {Herrera}, David and
         {Juneau}, St{\'e}phanie and {Landriau}, Martin and {Levi}, Michael and
         {McGreer}, Ian and {Meisner}, Aaron and {Myers}, Adam D. and
         {Moustakas}, John and {Nugent}, Peter and {Patej}, Anna and
         {Schlafly}, Edward F. and {Walker}, Alistair R. and
         {Valdes}, Francisco and {Weaver}, Benjamin A. and
         {Y{\`e}che}, Christophe and {Zou}, Hu and {Zhou}, Xu and
         {Abareshi}, Behzad and {Abbott}, T.~M.~C. and {Abolfathi}, Bela and
         {Aguilera}, C. and {Alam}, Shadab and {Allen}, Lori and {Alvarez}, A. and
         {Annis}, James and {Ansarinejad}, Behzad and {Aubert}, Marie and
         {Beechert}, Jacqueline and {Bell}, Eric F. and {BenZvi}, Segev Y. and
         {Beutler}, Florian and {Bielby}, Richard M. and {Bolton}, Adam S. and
         {Brice{\~n}o}, C{\'e}sar and {Buckley-Geer}, Elizabeth J. and
         {Butler}, Karen and {Calamida}, Annalisa and {Carlberg}, Raymond G. and
         {Carter}, Paul and {Casas}, Ricard and {Castander}, Francisco J. and
         {Choi}, Yumi and {Comparat}, Johan and {Cukanovaite}, Elena and
         {Delubac}, Timoth{\'e}e and {DeVries}, Kaitlin and {Dey}, Sharmila and
         {Dhungana}, Govinda and {Dickinson}, Mark and {Ding}, Zhejie and
         {Donaldson}, John B. and {Duan}, Yutong and
         {Duckworth}, Christopher J. and {Eftekharzadeh}, Sarah and
         {Eisenstein}, Daniel J. and {Etourneau}, Thomas and
         {Fagrelius}, Parker A. and {Farihi}, Jay and {Fitzpatrick}, Mike and
         {Font-Ribera}, Andreu and {Fulmer}, Leah and {G{\"a}nsicke}, Boris T. and
         {Gaztanaga}, Enrique and {George}, Koshy and {Gerdes}, David W. and
         {Gontcho}, Satya Gontcho A. and {Gorgoni}, Claudio and
         {Green}, Gregory and {Guy}, Julien and {Harmer}, Diane and {Hernand
        ez}, M. and {Honscheid}, Klaus and {Huang}, Lijuan Wendy and
         {James}, David J. and {Jannuzi}, Buell T. and {Jiang}, Linhua and
         {Joyce}, Richard and {Karcher}, Armin and {Karkar}, Sonia and
         {Kehoe}, Robert and {Kneib}, Jean-Paul and {Kueter-Young}, Andrea and
         {Lan}, Ting-Wen and {Lauer}, Tod R. and {Le Guillou}, Laurent and
         {Le Van Suu}, Auguste and {Lee}, Jae Hyeon and {Lesser}, Michael and
         {Perreault Levasseur}, Laurence and {Li}, Ting S. and
         {Mann}, Justin L. and {Marshall}, Robert and
         {Mart{\'\i}nez-V{\'a}zquez}, C.~E. and {Martini}, Paul and
         {du Mas des Bourboux}, H{\'e}lion and {McManus}, Sean and
         {Meier}, Tobias Gabriel and {M{\'e}nard}, Brice and {Metcalfe}, Nigel and
         {Mu{\~n}oz-Guti{\'e}rrez}, Andrea and {Najita}, Joan and
         {Napier}, Kevin and {Narayan}, Gautham and {Newman}, Jeffrey A. and
         {Nie}, Jundan and {Nord}, Brian and {Norman}, Dara J. and
         {Olsen}, Knut A.~G. and {Paat}, Anthony and
         {Palanque-Delabrouille}, Nathalie and {Peng}, Xiyan and
         {Poppett}, Claire L. and {Poremba}, Megan R. and {Prakash}, Abhishek and
         {Rabinowitz}, David and {Raichoor}, Anand and {Rezaie}, Mehdi and
         {Robertson}, A.~N. and {Roe}, Natalie A. and {Ross}, Ashley J. and
         {Ross}, Nicholas P. and {Rudnick}, Gregory and {Safonova}, Sasha and
         {Saha}, Abhijit and {S{\'a}nchez}, F. Javier and {Savary}, Elodie and
         {Schweiker}, Heidi and {Scott}, Adam and {Seo}, Hee-Jong and
         {Shan}, Huanyuan and {Silva}, David R. and {Slepian}, Zachary and
         {Soto}, Christian and {Sprayberry}, David and {Staten}, Ryan and
         {Stillman}, Coley M. and {Stupak}, Robert J. and {Summers}, David L. and
         {Sien Tie}, Suk and {Tirado}, H. and {Vargas-Maga{\~n}a}, Mariana and
         {Vivas}, A. Katherina and {Wechsler}, Risa H. and {Williams}, Doug and
         {Yang}, Jinyi and {Yang}, Qian and {Yapici}, Tolga and
         {Zaritsky}, Dennis and {Zenteno}, A. and {Zhang}, Kai and
         {Zhang}, Tianmeng and {Zhou}, Rongpu and {Zhou}, Zhimin},
        title = "{Overview of the DESI Legacy Imaging Surveys}",
      journal = {\aj},
     keywords = {catalogs, surveys, Astrophysics - Instrumentation and Methods for Astrophysics},
         year = 2019,
        month = may,
       volume = {157},
       number = {5},
          eid = {168},
        pages = {168},
          doi = {10.3847/1538-3881/ab089d},
archivePrefix = {arXiv},
       eprint = {1804.08657},
 primaryClass = {astro-ph.IM},
       adsurl = {https://ui.adsabs.harvard.edu/abs/2019AJ....157..168D},
      adsnote = {Provided by the SAO/NASA Astrophysics Data System}}

@ARTICLE{Alam17,
   author = {{Alam}, S. and {Ata}, M. and {Bailey}, S. and {Beutler}, F. and 
	{Bizyaev}, D. and {Blazek}, J.~A. and {Bolton}, A.~S. and {Brownstein}, J.~R. and 
	{Burden}, A. and {Chuang}, C.-H. and {Comparat}, J. and {Cuesta}, A.~J. and 
	{Dawson}, K.~S. and {Eisenstein}, D.~J. and {Escoffier}, S. and 
	{Gil-Mar{\'{\i}}n}, H. and {Grieb}, J.~N. and {Hand}, N. and 
	{Ho}, S. and {Kinemuchi}, K. and {Kirkby}, D. and {Kitaura}, F. and 
	{Malanushenko}, E. and {Malanushenko}, V. and {Maraston}, C. and 
	{McBride}, C.~K. and {Nichol}, R.~C. and {Olmstead}, M.~D. and 
	{Oravetz}, D. and {Padmanabhan}, N. and {Palanque-Delabrouille}, N. and 
	{Pan}, K. and {Pellejero-Ibanez}, M. and {Percival}, W.~J. and 
	{Petitjean}, P. and {Prada}, F. and {Price-Whelan}, A.~M. and 
	{Reid}, B.~A. and {Rodr{\'{\i}}guez-Torres}, S.~A. and {Roe}, N.~A. and 
	{Ross}, A.~J. and {Ross}, N.~P. and {Rossi}, G. and {Rubi{\~n}o-Mart{\'{\i}}n}, J.~A. and 
	{Saito}, S. and {Salazar-Albornoz}, S. and {Samushia}, L. and 
	{S{\'a}nchez}, A.~G. and {Satpathy}, S. and {Schlegel}, D.~J. and 
	{Schneider}, D.~P. and {Sc{\'o}ccola}, C.~G. and {Seo}, H.-J. and 
	{Sheldon}, E.~S. and {Simmons}, A. and {Slosar}, A. and {Strauss}, M.~A. and 
	{Swanson}, M.~E.~C. and {Thomas}, D. and {Tinker}, J.~L. and 
	{Tojeiro}, R. and {Maga{\~n}a}, M.~V. and {Vazquez}, J.~A. and 
	{Verde}, L. and {Wake}, D.~A. and {Wang}, Y. and {Weinberg}, D.~H. and 
	{White}, M. and {Wood-Vasey}, W.~M. and {Y{\`e}che}, C. and 
	{Zehavi}, I. and {Zhai}, Z. and {Zhao}, G.-B.},
    title = "{The clustering of galaxies in the completed SDSS-III Baryon Oscillation Spectroscopic Survey: cosmological analysis of the DR12 galaxy sample}",
  journal = {\mnras},
archivePrefix = "arXiv",
   eprint = {1607.03155},
 keywords = {distance scale, large-scale structure of Universe, cosmology: observations},
     year = 2017,
    month = sep,
   volume = 470,
    pages = {2617-2652},
      doi = {10.1093/mnras/stx721},
   adsurl = {http://adsabs.harvard.edu/abs/2017MNRAS.470.2617A},
  adsnote = {Provided by the SAO/NASA Astrophysics Data System}
}


@ARTICLE{Alam2021,
       author = {{Alam}, Shadab and {Aubert}, Marie and {Avila}, Santiago and {Balland}, Christophe and {Bautista}, Julian E. and {Bershady}, Matthew A. and {Bizyaev}, Dmitry and {Blanton}, Michael R. and {Bolton}, Adam S. and {Bovy}, Jo and {Brinkmann}, Jonathan and {Brownstein}, Joel R. and {Burtin}, Etienne and {Chabanier}, Sol{\`e}ne and {Chapman}, Michael J. and {Choi}, Peter Doohyun and {Chuang}, Chia-Hsun and {Comparat}, Johan and {Cousinou}, Marie-Claude and {Cuceu}, Andrei and {Dawson}, Kyle S. and {de la Torre}, Sylvain and {de Mattia}, Arnaud and {Agathe}, Victoria de Sainte and {des Bourboux}, H{\'e}lion du Mas and {Escoffier}, Stephanie and {Etourneau}, Thomas and {Farr}, James and {Font-Ribera}, Andreu and {Frinchaboy}, Peter M. and {Fromenteau}, Sebastien and {Gil-Mar{\'\i}n}, H{\'e}ctor and {Le Goff}, Jean-Marc and {Gonzalez-Morales}, Alma X. and {Gonzalez-Perez}, Violeta and {Grabowski}, Kathleen and {Guy}, Julien and {Hawken}, Adam J. and {Hou}, Jiamin and {Kong}, Hui and {Parker}, James and {Klaene}, Mark and {Kneib}, Jean-Paul and {Lin}, Sicheng and {Long}, Daniel and {Lyke}, Brad W. and {de la Macorra}, Axel and {Martini}, Paul and {Masters}, Karen and {Mohammad}, Faizan G. and {Moon}, Jeongin and {Mueller}, Eva-Maria and {Mu{\~n}oz-Guti{\'e}rrez}, Andrea and {Myers}, Adam D. and {Nadathur}, Seshadri and {Neveux}, Richard and {Newman}, Jeffrey A. and {Noterdaeme}, Pasquier and {Oravetz}, Audrey and {Oravetz}, Daniel and {Palanque-Delabrouille}, Nathalie and {Pan}, Kaike and {Paviot}, Romain and {Percival}, Will J. and {P{\'e}rez-R{\`a}fols}, Ignasi and {Petitjean}, Patrick and {Pieri}, Matthew M. and {Prakash}, Abhishek and {Raichoor}, Anand and {Ravoux}, Corentin and {Rezaie}, Mehdi and {Rich}, James and {Ross}, Ashley J. and {Rossi}, Graziano and {Ruggeri}, Rossana and {Ruhlmann-Kleider}, Vanina and {S{\'a}nchez}, Ariel G. and {S{\'a}nchez}, F. Javier and {S{\'a}nchez-Gallego}, Jos{\'e} R. and {Sayres}, Conor and {Schneider}, Donald P. and {Seo}, Hee-Jong and {Shafieloo}, Arman and {Slosar}, An{\v{z}}e and {Smith}, Alex and {Stermer}, Julianna and {Tamone}, Amelie and {Tinker}, Jeremy L. and {Tojeiro}, Rita and {Vargas-Maga{\~n}a}, Mariana and {Variu}, Andrei and {Wang}, Yuting and {Weaver}, Benjamin A. and {Weijmans}, Anne-Marie and {Y{\`e}che}, Christophe and {Zarrouk}, Pauline and {Zhao}, Cheng and {Zhao}, Gong-Bo and {Zheng}, Zheng},
        title = "{Completed SDSS-IV extended Baryon Oscillation Spectroscopic Survey: Cosmological implications from two decades of spectroscopic surveys at the Apache Point Observatory}",
      journal = {\prd},
     keywords = {Astrophysics - Cosmology and Nongalactic Astrophysics},
         year = 2021,
        month = apr,
       volume = {103},
       number = {8},
          eid = {083533},
        pages = {083533},
          doi = {10.1103/PhysRevD.103.083533},
archivePrefix = {arXiv},
       eprint = {2007.08991},
 primaryClass = {astro-ph.CO},
       adsurl = {https://ui.adsabs.harvard.edu/abs/2021PhRvD.103h3533A},
      adsnote = {Provided by the SAO/NASA Astrophysics Data System}
}


@ARTICLE{2015AJ....150..150F,
       author = {{Flaugher}, B. and {Diehl}, H.~T. and {Honscheid}, K. and
         {Abbott}, T.~M.~C. and {Alvarez}, O. and {Angstadt}, R. and
         {Annis}, J.~T. and {Antonik}, M. and {Ballester}, O. and
         {Beaufore}, L. and {Bernstein}, G.~M. and {Bernstein}, R.~A. and
         {Bigelow}, B. and {Bonati}, M. and {Boprie}, D. and {Brooks}, D. and
         {Buckley-Geer}, E.~J. and {Campa}, J. and {Cardiel-Sas}, L. and {Castand
        er}, F.~J. and {Castilla}, J. and {Cease}, H. and {Cela-Ruiz}, J.~M. and
         {Chappa}, S. and {Chi}, E. and {Cooper}, C. and {da Costa}, L.~N. and
         {Dede}, E. and {Derylo}, G. and {DePoy}, D.~L. and {de Vicente}, J. and
         {Doel}, P. and {Drlica-Wagner}, A. and {Eiting}, J. and
         {Elliott}, A.~E. and {Emes}, J. and {Estrada}, J. and
         {Fausti Neto}, A. and {Finley}, D.~A. and {Flores}, R. and
         {Frieman}, J. and {Gerdes}, D. and {Gladders}, M.~D. and {Gregory}, B. and
         {Gutierrez}, G.~R. and {Hao}, J. and {Holland}, S.~E. and {Holm}, S. and
         {Huffman}, D. and {Jackson}, C. and {James}, D.~J. and {Jonas}, M. and
         {Karcher}, A. and {Karliner}, I. and {Kent}, S. and {Kessler}, R. and
         {Kozlovsky}, M. and {Kron}, R.~G. and {Kubik}, D. and {Kuehn}, K. and
         {Kuhlmann}, S. and {Kuk}, K. and {Lahav}, O. and {Lathrop}, A. and
         {Lee}, J. and {Levi}, M.~E. and {Lewis}, P. and {Li}, T.~S. and {Mand
        richenko}, I. and {Marshall}, J.~L. and {Martinez}, G. and
         {Merritt}, K.~W. and {Miquel}, R. and {Mu{\~n}oz}, F. and
         {Neilsen}, E.~H. and {Nichol}, R.~C. and {Nord}, B. and {Ogando}, R. and
         {Olsen}, J. and {Palaio}, N. and {Patton}, K. and {Peoples}, J. and
         {Plazas}, A.~A. and {Rauch}, J. and {Reil}, K. and {Rheault}, J. -P. and
         {Roe}, N.~A. and {Rogers}, H. and {Roodman}, A. and {Sanchez}, E. and
         {Scarpine}, V. and {Schindler}, R.~H. and {Schmidt}, R. and
         {Schmitt}, R. and {Schubnell}, M. and {Schultz}, K. and {Schurter}, P. and
         {Scott}, L. and {Serrano}, S. and {Shaw}, T.~M. and {Smith}, R.~C. and
         {Soares-Santos}, M. and {Stefanik}, A. and {Stuermer}, W. and
         {Suchyta}, E. and {Sypniewski}, A. and {Tarle}, G. and {Thaler}, J. and
         {Tighe}, R. and {Tran}, C. and {Tucker}, D. and {Walker}, A.~R. and
         {Wang}, G. and {Watson}, M. and {Weaverdyck}, C. and {Wester}, W. and
         {Woods}, R. and {Yanny}, B. and {DES Collaboration}},
        title = "{The Dark Energy Camera}",
      journal = {\aj},
     keywords = {atlases, catalogs, cosmology: observations, instrumentation: detectors, instrumentation: photometers, surveys, Astrophysics - Instrumentation and Methods for Astrophysics},
         year = 2015,
        month = nov,
       volume = {150},
       number = {5},
          eid = {150},
        pages = {150},
          doi = {10.1088/0004-6256/150/5/150},
archivePrefix = {arXiv},
       eprint = {1504.02900},
 primaryClass = {astro-ph.IM},
       adsurl = {https://ui.adsabs.harvard.edu/abs/2015AJ....150..150F},
      adsnote = {Provided by the SAO/NASA Astrophysics Data System}
}

@ARTICLE{2005astro.ph.10346T,
       author = {{The Dark Energy Survey Collaboration}},
        title = "{The Dark Energy Survey}",
      journal = {arXiv e-prints},
     keywords = {Astrophysics},
         year = 2005,
        month = oct,
          eid = {astro-ph/0510346},
        pages = {astro-ph/0510346},
archivePrefix = {arXiv},
       eprint = {astro-ph/0510346},
 primaryClass = {astro-ph},
       adsurl = {https://ui.adsabs.harvard.edu/abs/2005astro.ph.10346T},
      adsnote = {Provided by the SAO/NASA Astrophysics Data System}
}

@INPROCEEDINGS{2016SPIE.9908E..2CD,
       author = {{Dey}, Arjun and {Rabinowitz}, David and {Karcher}, Armin and
         {Bebek}, Chris and {Baltay}, Charles and {Sprayberry}, David and
         {Valdes}, Frank and {Stupak}, Bob and {Donaldson}, John and
         {Emmet}, Will and {Hurteau}, Tom and {Abareshi}, Behzad and
         {Marshall}, Bob and {Lang}, Dustin and {Fitzpatrick}, Mike and
         {Daly}, Phil and {Joyce}, Dick and {Schlegel}, David and
         {Schweiker}, Heidi and {Allen}, Lori and {Blum}, Bob and
         {Levi}, Michael},
        title = "{Mosaic3: a red-sensitive upgrade for the prime focus camera at the Mayall 4m telescope}",
    booktitle = {Ground-based and Airborne Instrumentation for Astronomy VI},
         year = 2016,
       series = {Society of Photo-Optical Instrumentation Engineers (SPIE) Conference Series},
       volume = {9908},
        month = aug,
          eid = {99082C},
        pages = {99082C},
          doi = {10.1117/12.2231488},
       adsurl = {https://ui.adsabs.harvard.edu/abs/2016SPIE.9908E..2CD},
      adsnote = {Provided by the SAO/NASA Astrophysics Data System}
}

@INPROCEEDINGS{2004SPIE.5492..787W,
       author = {{Williams}, G. Grant and {Olszewski}, Ed and {Lesser}, Michael P. and
         {Burge}, James H.},
        title = "{90prime: a prime focus imager for the Steward Observatory 90-in. telescope}",
    booktitle = {Ground-based Instrumentation for Astronomy},
         year = 2004,
       editor = {{Moorwood}, Alan F.~M. and {Iye}, Masanori},
       series = {Society of Photo-Optical Instrumentation Engineers (SPIE) Conference Series},
       volume = {5492},
        month = sep,
        pages = {787-798},
          doi = {10.1117/12.552189},
       adsurl = {https://ui.adsabs.harvard.edu/abs/2004SPIE.5492..787W},
      adsnote = {Provided by the SAO/NASA Astrophysics Data System}
}

@Article{Wright2010,
  Title                    = {{The Wide-field Infrared Survey Explorer (WISE): Mission Description and Initial On-o\
rbit Performance}},
  Author                   = {{Wright}, E.L. and {Eisenhardt}, P.R.M. and {Mainzer}, A.K. and {Ressler}, M.E. and {\
Cutri}, R.M. and {Jarrett}, T. and {Kirkpatrick}, J.D. and {Padgett}, D. and {McMillan}, R.S. and {Skrutskie}, M. a\
nd {Stanford}, S.A. and {Cohen}, M. and {Walker}, R.G. and {Mather}, J.C. and {Leisawitz}, D. and {Gautier}, III, T\
.N. and {McLean}, I. and {Benford}, D. and {Lonsdale}, C.J. and {Blain}, A. and {Mendez}, B. and {Irace}, W.R. and \
{Duval}, V. and {Liu}, F. and {Royer}, D. and {Heinrichsen}, I. and {Howard}, J. and {Shannon}, M. and {Kendall}, M\
. and {Walsh}, A.L. and {Larsen}, M. and {Cardon}, J.G. and {Schick}, S. and {Schwalm}, M. and {Abid}, M. and {Fabi\
nsky}, B. and {Naes}, L. and {Tsai}, C.-W.},
  Journal                  = {\aj},
  Year                     = {2010},

  Month                    = dec,
  Pages                    = {1868-1881},
  Volume                   = {140},

  Adsnote                  = {Provided by the SAO/NASA Astrophysics Data System},
  Adsurl                   = {http://adsabs.harvard.edu/abs/2010AJ....140.1868W},
  Archiveprefix            = {arXiv},
  Doi                      = {10.1088/0004-6256/140/6/1868},
  Eid                      = {1868-1881},
  Eprint                   = {1008.0031},
  Keywords                 = {infrared: general, space vehicles, surveys},
  Primaryclass             = {astro-ph.IM}
}


@article{Schlafly_2019,
   title={The unWISE Catalog: Two Billion Infrared Sources from Five Years of WISE Imaging},
   volume={240},
   ISSN={1538-4365},
   url={http://dx.doi.org/10.3847/1538-4365/aafbea},
   DOI={10.3847/1538-4365/aafbea},
   number={2},
   journal={The Astrophysical Journal Supplement Series},
   publisher={American Astronomical Society},
   author={Schlafly, Edward F. and Meisner, Aaron M. and Green, Gregory M.},
   year={2019},
   month=feb, pages={30} }

@ARTICLE{hang2021,
       author = {{Hang}, Qianjun and {Alam}, Shadab and {Peacock}, John A. and {Cai}, Yan-Chuan},
        title = "{Galaxy clustering in the DESI Legacy Survey and its imprint on the CMB}",
      journal = {\mnras},
     keywords = {gravitational lensing: weak, cosmic background radiation, large-scale structure of Universe, Astrophysics - Cosmology and Nongalactic Astrophysics},
         year = 2021,
        month = feb,
       volume = {501},
       number = {1},
        pages = {1481-1498},
          doi = {10.1093/mnras/staa3738},
archivePrefix = {arXiv},
       eprint = {2010.00466},
 primaryClass = {astro-ph.CO},
       adsurl = {https://ui.adsabs.harvard.edu/abs/2021MNRAS.501.1481H},
      adsnote = {Provided by the SAO/NASA Astrophysics Data System}}

@ARTICLE{2015MNRAS.452.2087L,
       author = {{Liske}, J. and {Baldry}, I.~K. and {Driver}, S.~P. and {Tuffs}, R.~J. and
         {Alpaslan}, M. and {Andrae}, E. and {Brough}, S. and {Cluver}, M.~E. and
         {Grootes}, M.~W. and {Gunawardhana}, M.~L.~P. and {Kelvin}, L.~S. and
         {Loveday}, J. and {Robotham}, A.~S.~G. and {Taylor}, E.~N. and
         {Bamford}, S.~P. and {Bland-Hawthorn}, J. and {Brown}, M.~J.~I. and
         {Drinkwater}, M.~J. and {Hopkins}, A.~M. and {Meyer}, M.~J. and
         {Norberg}, P. and {Peacock}, J.~A. and {Agius}, N.~K. and
         {Andrews}, S.~K. and {Bauer}, A.~E. and {Ching}, J.~H.~Y. and
         {Colless}, M. and {Conselice}, C.~J. and {Croom}, S.~M. and
         {Davies}, L.~J.~M. and {De Propris}, R. and {Dunne}, L. and
         {Eardley}, E.~M. and {Ellis}, S. and {Foster}, C. and {Frenk}, C.~S. and
         {H{\"a}u{\ss}ler}, B. and {Holwerda}, B.~W. and {Howlett}, C. and
         {Ibarra}, H. and {Jarvis}, M.~J. and {Jones}, D.~H. and {Kafle}, P.~R. and
         {Lacey}, C.~G. and {Lange}, R. and {Lara-L{\'o}pez}, M.~A. and
         {L{\'o}pez-S{\'a}nchez}, {\'A}. R. and {Maddox}, S. and
         {Madore}, B.~F. and {McNaught-Roberts}, T. and {Moffett}, A.~J. and
         {Nichol}, R.~C. and {Owers}, M.~S. and {Palamara}, D. and
         {Penny}, S.~J. and {Phillipps}, S. and {Pimbblet}, K.~A. and
         {Popescu}, C.~C. and {Prescott}, M. and {Proctor}, R. and
         {Sadler}, E.~M. and {Sansom}, A.~E. and {Seibert}, M. and {Sharp}, R. and
         {Sutherland}, W. and {V{\'a}zquez-Mata}, J.~A. and {van Kampen}, E. and
         {Wilkins}, S.~M. and {Williams}, R. and {Wright}, A.~H.},
        title = "{Galaxy And Mass Assembly (GAMA): end of survey report and data release 2}",
      journal = {\mnras},
     keywords = {surveys, galaxies: distances and redshifts, galaxies: fundamental parameters, galaxies: general, galaxies: photometry, galaxies: statistics, Astrophysics - Astrophysics of Galaxies},
         year = 2015,
        month = sep,
       volume = {452},
       number = {2},
        pages = {2087-2126},
          doi = {10.1093/mnras/stv1436},
archivePrefix = {arXiv},
       eprint = {1506.08222},
 primaryClass = {astro-ph.GA},
       adsurl = {https://ui.adsabs.harvard.edu/abs/2015MNRAS.452.2087L},
      adsnote = {Provided by the SAO/NASA Astrophysics Data System}
}

@ARTICLE{2015ApJS..219...12A,
       author = {{Alam}, Shadab and {Albareti}, Franco D. and {Allende Prieto}, Carlos and
         {Anders}, F. and {Anderson}, Scott F. and {Anderton}, Timothy and
         {Andrews}, Brett H. and {Armengaud}, Eric and {Aubourg}, {\'E}ric and
         {Bailey}, Stephen and {Basu}, Sarbani and {Bautista}, Julian E. and
         {Beaton}, Rachael L. and {Beers}, Timothy C. and {Bender}, Chad F. and
         {Berlind}, Andreas A. and {Beutler}, Florian and {Bhardwaj}, Vaishali and
         {Bird}, Jonathan C. and {Bizyaev}, Dmitry and {Blake}, Cullen H. and
         {Blanton}, Michael R. and {Blomqvist}, Michael and
         {Bochanski}, John J. and {Bolton}, Adam S. and {Bovy}, Jo and
         {Shelden Bradley}, A. and {Brandt}, W.~N. and {Brauer}, D.~E. and
         {Brinkmann}, J. and {Brown}, Peter J. and {Brownstein}, Joel R. and
         {Burden}, Angela and {Burtin}, Etienne and {Busca}, Nicol{\'a}s G. and
         {Cai}, Zheng and {Capozzi}, Diego and {Carnero Rosell}, Aurelio and
         {Carr}, Michael A. and {Carrera}, Ricardo and {Chambers}, K.~C. and
         {Chaplin}, William James and {Chen}, Yen-Chi and {Chiappini}, Cristina and
         {Chojnowski}, S. Drew and {Chuang}, Chia-Hsun and {Clerc}, Nicolas and
         {Comparat}, Johan and {Covey}, Kevin and {Croft}, Rupert A.~C. and
         {Cuesta}, Antonio J. and {Cunha}, Katia and {da Costa}, Luiz N. and
         {Da Rio}, Nicola and {Davenport}, James R.~A. and {Dawson}, Kyle S. and
         {De Lee}, Nathan and {Delubac}, Timoth{\'e}e and {Deshpande}, Rohit and
         {Dhital}, Saurav and {Dutra-Ferreira}, Let{\'\i}cia and {Dwelly}, Tom and
         {Ealet}, Anne and {Ebelke}, Garrett L. and {Edmondson}, Edward M. and
         {Eisenstein}, Daniel J. and {Ellsworth}, Tristan and
         {Elsworth}, Yvonne and {Epstein}, Courtney R. and {Eracleous}, Michael and
         {Escoffier}, Stephanie and {Esposito}, Massimiliano and
         {Evans}, Michael L. and {Fan}, Xiaohui and {Fern{\'a}ndez-Alvar}, Emma and
         {Feuillet}, Diane and {Filiz Ak}, Nurten and {Finley}, Hayley and
         {Finoguenov}, Alexis and {Flaherty}, Kevin and {Fleming}, Scott W. and
         {Font-Ribera}, Andreu and {Foster}, Jonathan and
         {Frinchaboy}, Peter M. and {Galbraith-Frew}, J.~G. and
         {Garc{\'\i}a}, Rafael A. and {Garc{\'\i}a-Hern{\'a}ndez}, D.~A. and
         {Garc{\'\i}a P{\'e}rez}, Ana E. and {Gaulme}, Patrick and {Ge}, Jian and
         {G{\'e}nova-Santos}, R. and {Georgakakis}, A. and {Ghezzi}, Luan and
         {Gillespie}, Bruce A. and {Girardi}, L{\'e}o and {Goddard}, Daniel and
         {Gontcho}, Satya Gontcho A. and {Gonz{\'a}lez Hern{\'a}ndez}, Jonay I. and
         {Grebel}, Eva K. and {Green}, Paul J. and {Grieb}, Jan Niklas and
         {Grieves}, Nolan and {Gunn}, James E. and {Guo}, Hong and
         {Harding}, Paul and {Hasselquist}, Sten and {Hawley}, Suzanne L. and
         {Hayden}, Michael and {Hearty}, Fred R. and {Hekker}, Saskia and
         {Ho}, Shirley and {Hogg}, David W. and {Holley-Bockelmann}, Kelly and
         {Holtzman}, Jon A. and {Honscheid}, Klaus and {Huber}, Daniel and
         {Huehnerhoff}, Joseph and {Ivans}, Inese I. and {Jiang}, Linhua and
         {Johnson}, Jennifer A. and {Kinemuchi}, Karen and {Kirkby}, David and
         {Kitaura}, Francisco and {Klaene}, Mark A. and {Knapp}, Gillian R. and
         {Kneib}, Jean-Paul and {Koenig}, Xavier P. and {Lam}, Charles R. and
         {Lan}, Ting-Wen and {Lang}, Dustin and {Laurent}, Pierre and
         {Le Goff}, Jean-Marc and {Leauthaud}, Alexie and {Lee}, Khee-Gan and
         {Lee}, Young Sun and {Licquia}, Timothy C. and {Liu}, Jian and
         {Long}, Daniel C. and {L{\'o}pez-Corredoira}, Mart{\'\i}n and
         {Lorenzo-Oliveira}, Diego and {Lucatello}, Sara and {Lundgren}, Britt and
         {Lupton}, Robert H. and {Mack}, Claude E., III and
         {Mahadevan}, Suvrath and {Maia}, Marcio A.~G. and
         {Majewski}, Steven R. and {Malanushenko}, Elena and
         {Malanushenko}, Viktor and {Manchado}, A. and {Manera}, Marc and
         {Mao}, Qingqing and {Maraston}, Claudia and {Marchwinski}, Robert C. and
         {Margala}, Daniel and {Martell}, Sarah L. and {Martig}, Marie and
         {Masters}, Karen L. and {Mathur}, Savita and {McBride}, Cameron K. and
         {McGehee}, Peregrine M. and {McGreer}, Ian D. and
         {McMahon}, Richard G. and {M{\'e}nard}, Brice and
         {Menzel}, Marie-Luise and {Merloni}, Andrea and
         {M{\'e}sz{\'a}ros}, Szabolcs and {Miller}, Adam A. and
         {Miralda-Escud{\'e}}, Jordi and {Miyatake}, Hironao and
         {Montero-Dorta}, Antonio D. and {More}, Surhud and {Morganson}, Eric and
         {Morice-Atkinson}, Xan and {Morrison}, Heather L. and
         {Mosser}, Ben{\^o}it and {Muna}, Demitri and {Myers}, Adam D. and {Nand
        ra}, Kirpal and {Newman}, Jeffrey A. and {Neyrinck}, Mark and
         {Nguyen}, Duy Cuong and {Nichol}, Robert C. and {Nidever}, David L. and
         {Noterdaeme}, Pasquier and {Nuza}, Sebasti{\'a}n E. and
         {O'Connell}, Julia E. and {O'Connell}, Robert W. and {O'Connell}, Ross and
         {Ogando}, Ricardo L.~C. and {Olmstead}, Matthew D. and
         {Oravetz}, Audrey E. and {Oravetz}, Daniel J. and {Osumi}, Keisuke and
         {Owen}, Russell and {Padgett}, Deborah L. and {Padmanabhan}, Nikhil and
         {Paegert}, Martin and {Palanque-Delabrouille}, Nathalie and
         {Pan}, Kaike and {Parejko}, John K. and {P{\^a}ris}, Isabelle and
         {Park}, Changbom and {Pattarakijwanich}, Petchara and
         {Pellejero-Ibanez}, M. and {Pepper}, Joshua and {Percival}, Will J. and
         {P{\'e}rez-Fournon}, Ismael and {Ṕrez-Ra`fols}, Ignasi and
         {Petitjean}, Patrick and {Pieri}, Matthew M. and
         {Pinsonneault}, Marc H. and {Porto de Mello}, Gustavo F. and
         {Prada}, Francisco and {Prakash}, Abhishek and
         {Price-Whelan}, Adrian M. and {Protopapas}, Pavlos and
         {Raddick}, M. Jordan and {Rahman}, Mubdi and {Reid}, Beth A. and
         {Rich}, James and {Rix}, Hans-Walter and {Robin}, Annie C. and
         {Rockosi}, Constance M. and {Rodrigues}, Tha{\'\i}se S. and
         {Rodr{\'\i}guez-Torres}, Sergio and {Roe}, Natalie A. and
         {Ross}, Ashley J. and {Ross}, Nicholas P. and {Rossi}, Graziano and
         {Ruan}, John J. and {Rubi{\~n}o-Mart{\'\i}n}, J.~A. and
         {Rykoff}, Eli S. and {Salazar-Albornoz}, Salvador and {Salvato}, Mara and
         {Samushia}, Lado and {S{\'a}nchez}, Ariel G. and
         {Santiago}, Bas{\'\i}lio and {Sayres}, Conor and
         {Schiavon}, Ricardo P. and {Schlegel}, David J. and
         {Schmidt}, Sarah J. and {Schneider}, Donald P. and
         {Schultheis}, Mathias and {Schwope}, Axel D. and {Sc{\'o}ccola}, C.~G. and
         {Scott}, Caroline and {Sellgren}, Kris and {Seo}, Hee-Jong and
         {Serenelli}, Aldo and {Shane}, Neville and {Shen}, Yue and
         {Shetrone}, Matthew and {Shu}, Yiping and {Silva Aguirre}, V. and
         {Sivarani}, Thirupathi and {Skrutskie}, M.~F. and {Slosar}, An{\v{z}}e and
         {Smith}, Verne V. and {Sobreira}, Fl{\'a}via and {Souto}, Diogo and
         {Stassun}, Keivan G. and {Steinmetz}, Matthias and {Stello}, Dennis and
         {Strauss}, Michael A. and {Streblyanska}, Alina and {Suzuki}, Nao and
         {Swanson}, Molly E.~C. and {Tan}, Jonathan C. and {Tayar}, Jamie and
         {Terrien}, Ryan C. and {Thakar}, Aniruddha R. and {Thomas}, Daniel and
         {Thomas}, Neil and {Thompson}, Benjamin A. and {Tinker}, Jeremy L. and
         {Tojeiro}, Rita and {Troup}, Nicholas W. and
         {Vargas-Maga{\~n}a}, Mariana and {Vazquez}, Jose A. and {Verde}, Licia and
         {Viel}, Matteo and {Vogt}, Nicole P. and {Wake}, David A. and
         {Wang}, Ji and {Weaver}, Benjamin A. and {Weinberg}, David H. and
         {Weiner}, Benjamin J. and {White}, Martin and {Wilson}, John C. and
         {Wisniewski}, John P. and {Wood-Vasey}, W.~M. and {Ye`che}, Christophe and
         {York}, Donald G. and {Zakamska}, Nadia L. and {Zamora}, O. and
         {Zasowski}, Gail and {Zehavi}, Idit and {Zhao}, Gong-Bo and
         {Zheng}, Zheng and {Zhou}, Xu and {Zhou}, Zhimin and {Zou}, Hu and
         {Zhu}, Guangtun},
        title = "{The Eleventh and Twelfth Data Releases of the Sloan Digital Sky Survey: Final Data from SDSS-III}",
      journal = {\apjs},
     keywords = {atlases, catalogs, surveys, Astrophysics - Instrumentation and Methods for Astrophysics, Astrophysics - Astrophysics of Galaxies, Astrophysics - Solar and Stellar Astrophysics},
         year = 2015,
        month = jul,
       volume = {219},
       number = {1},
          eid = {12},
        pages = {12},
          doi = {10.1088/0067-0049/219/1/12},
archivePrefix = {arXiv},
       eprint = {1501.00963},
 primaryClass = {astro-ph.IM},
       adsurl = {https://ui.adsabs.harvard.edu/abs/2015ApJS..219...12A},
      adsnote = {Provided by the SAO/NASA Astrophysics Data System}
}

@ARTICLE{2018A&A...609A..84S,
       author = {{Scodeggio}, M. and {Guzzo}, L. and {Garilli}, B. and {Granett}, B.~R. and
         {Bolzonella}, M. and {de la Torre}, S. and {Abbas}, U. and {Adami}, C. and
         {Arnouts}, S. and {Bottini}, D. and {Cappi}, A. and {Coupon}, J. and
         {Cucciati}, O. and {Davidzon}, I. and {Franzetti}, P. and {Fritz}, A. and
         {Iovino}, A. and {Krywult}, J. and {Le Brun}, V. and
         {Le F{\`e}vre}, O. and {Maccagni}, D. and {Ma{\l}ek}, K. and
         {Marchetti}, A. and {Marulli}, F. and {Polletta}, M. and {Pollo}, A. and
         {Tasca}, L.~A.~M. and {Tojeiro}, R. and {Vergani}, D. and
         {Zanichelli}, A. and {Bel}, J. and {Branchini}, E. and {De Lucia}, G. and
         {Ilbert}, O. and {McCracken}, H.~J. and {Moutard}, T. and
         {Peacock}, J.~A. and {Zamorani}, G. and {Burden}, A. and {Fumana}, M. and
         {Jullo}, E. and {Marinoni}, C. and {Mellier}, Y. and {Moscardini}, L. and
         {Percival}, W.~J.},
        title = "{The VIMOS Public Extragalactic Redshift Survey (VIPERS). Full spectroscopic data and auxiliary information release (PDR-2)}",
      journal = {\aap},
     keywords = {cosmology: observations, large-scale structure of Universe, galaxies: distances and redshifts, galaxies: statistics, surveys, Astrophysics - Astrophysics of Galaxies},
         year = 2018,
        month = jan,
       volume = {609},
          eid = {A84},
        pages = {A84},
          doi = {10.1051/0004-6361/201630114},
archivePrefix = {arXiv},
       eprint = {1611.07048},
 primaryClass = {astro-ph.GA},
       adsurl = {https://ui.adsabs.harvard.edu/abs/2018A&A...609A..84S},
      adsnote = {Provided by the SAO/NASA Astrophysics Data System}
}

@ARTICLE{2009ApJ...690.1236I,
       author = {{Ilbert}, O. and {Capak}, P. and {Salvato}, M. and {Aussel}, H. and
         {McCracken}, H.~J. and {Sanders}, D.~B. and {Scoville}, N. and
         {Kartaltepe}, J. and {Arnouts}, S. and {Le Floc'h}, E. and
         {Mobasher}, B. and {Taniguchi}, Y. and {Lamareille}, F. and
         {Leauthaud}, A. and {Sasaki}, S. and {Thompson}, D. and {Zamojski}, M. and
         {Zamorani}, G. and {Bardelli}, S. and {Bolzonella}, M. and
         {Bongiorno}, A. and {Brusa}, M. and {Caputi}, K.~I. and
         {Carollo}, C.~M. and {Contini}, T. and {Cook}, R. and {Coppa}, G. and
         {Cucciati}, O. and {de la Torre}, S. and {de Ravel}, L. and
         {Franzetti}, P. and {Garilli}, B. and {Hasinger}, G. and {Iovino}, A. and
         {Kampczyk}, P. and {Kneib}, J. -P. and {Knobel}, C. and {Kovac}, K. and
         {Le Borgne}, J.~F. and {Le Brun}, V. and {Le F{\`e}vre}, O. and
         {Lilly}, S. and {Looper}, D. and {Maier}, C. and {Mainieri}, V. and
         {Mellier}, Y. and {Mignoli}, M. and {Murayama}, T. and {Pell{\`o}}, R. and
         {Peng}, Y. and {P{\'e}rez-Montero}, E. and {Renzini}, A. and
         {Ricciardelli}, E. and {Schiminovich}, D. and {Scodeggio}, M. and
         {Shioya}, Y. and {Silverman}, J. and {Surace}, J. and {Tanaka}, M. and
         {Tasca}, L. and {Tresse}, L. and {Vergani}, D. and {Zucca}, E.},
        title = "{Cosmos Photometric Redshifts with 30-Bands for 2-deg$^{2}$}",
      journal = {\apj},
     keywords = {galaxies: distances and redshifts, galaxies: evolution, galaxies: formation, Astrophysics},
         year = 2009,
        month = jan,
       volume = {690},
       number = {2},
        pages = {1236-1249},
          doi = {10.1088/0004-637X/690/2/1236},
archivePrefix = {arXiv},
       eprint = {0809.2101},
 primaryClass = {astro-ph},
       adsurl = {https://ui.adsabs.harvard.edu/abs/2009ApJ...690.1236I},
      adsnote = {Provided by the SAO/NASA Astrophysics Data System}
}

@ARTICLE{2013ApJS..208....5N,
       author = {{Newman}, Jeffrey A. and {Cooper}, Michael C. and {Davis}, Marc and
         {Faber}, S.~M. and {Coil}, Alison L. and {Guhathakurta}, Puragra and
         {Koo}, David C. and {Phillips}, Andrew C. and {Conroy}, Charlie and
         {Dutton}, Aaron A. and {Finkbeiner}, Douglas P. and {Gerke}, Brian F. and
         {Rosario}, David J. and {Weiner}, Benjamin J. and {Willmer}, C.~N.~A. and
         {Yan}, Renbin and {Harker}, Justin J. and {Kassin}, Susan A. and
         {Konidaris}, N.~P. and {Lai}, Kamson and {Madgwick}, Darren S. and
         {Noeske}, K.~G. and {Wirth}, Gregory D. and {Connolly}, A.~J. and
         {Kaiser}, N. and {Kirby}, Evan N. and {Lemaux}, Brian C. and
         {Lin}, Lihwai and {Lotz}, Jennifer M. and {Luppino}, G.~A. and
         {Marinoni}, C. and {Matthews}, Daniel J. and {Metevier}, Anne and
         {Schiavon}, Ricardo P.},
        title = "{The DEEP2 Galaxy Redshift Survey: Design, Observations, Data Reduction, and Redshifts}",
      journal = {\apjs},
     keywords = {cosmology: observations, galaxies: distances and redshifts, galaxies: evolution, galaxies: fundamental parameters, galaxies: high-redshift, galaxies: statistics, large-scale structure of universe, methods: data analysis, surveys, Astrophysics - Cosmology and Nongalactic Astrophysics, Astrophysics - Astrophysics of Galaxies},
         year = 2013,
        month = sep,
       volume = {208},
       number = {1},
          eid = {5},
        pages = {5},
          doi = {10.1088/0067-0049/208/1/5},
archivePrefix = {arXiv},
       eprint = {1203.3192},
 primaryClass = {astro-ph.CO},
       adsurl = {https://ui.adsabs.harvard.edu/abs/2013ApJS..208....5N},
      adsnote = {Provided by the SAO/NASA Astrophysics Data System}
}



@ARTICLE{2020ApJS..249....3A,
       author = {{Ahumada}, Romina and {Allende Prieto}, Carlos and
         {Almeida}, Andr{\'e}s and {Anders}, Friedrich and {Anderson}, Scott F. and
         {Andrews}, Brett H. and {Anguiano}, Borja and {Arcodia}, Riccardo and
         {Armengaud}, Eric and {Aubert}, Marie and {Avila}, Santiago and
         {Avila-Reese}, Vladimir and {Badenes}, Carles and {Balland
        }, Christophe and {Barger}, Kat and {Barrera-Ballesteros}, Jorge K. and
         {Basu}, Sarbani and {Bautista}, Julian and {Beaton}, Rachael L. and
         {Beers}, Timothy C. and {Benavides}, B. Izamar T. and
         {Bender}, Chad F. and {Bernardi}, Mariangela and {Bershady}, Matthew and
         {Beutler}, Florian and {Bidin}, Christian Moni and {Bird}, Jonathan and
         {Bizyaev}, Dmitry and {Blanc}, Guillermo A. and {Blanton}, Michael R. and
         {Boquien}, M{\'e}d{\'e}ric and {Borissova}, Jura and {Bovy}, Jo and {Brand
        t}, W.~N. and {Brinkmann}, Jonathan and {Brownstein}, Joel R. and
         {Bundy}, Kevin and {Bureau}, Martin and {Burgasser}, Adam and
         {Burtin}, Etienne and {Cano-D{\'\i}az}, Mariana and
         {Capasso}, Raffaella and {Cappellari}, Michele and {Carrera}, Ricardo and
         {Chabanier}, Sol{\`e}ne and {Chaplin}, William and {Chapman}, Michael and
         {Cherinka}, Brian and {Chiappini}, Cristina and {Doohyun Choi}, Peter and
         {Chojnowski}, S. Drew and {Chung}, Haeun and {Clerc}, Nicolas and
         {Coffey}, Damien and {Comerford}, Julia M. and {Comparat}, Johan and
         {da Costa}, Luiz and {Cousinou}, Marie-Claude and {Covey}, Kevin and
         {Crane}, Jeffrey D. and {Cunha}, Katia and {da Silva Ilha}, Gabriele and
         {Dai}, Yu Sophia and {Damsted}, Sanna B. and {Darling}, Jeremy and
         {Davidson}, James W., Jr. and {Davies}, Roger and {Dawson}, Kyle and
         {De}, Nikhil and {de la Macorra}, Axel and {De Lee}, Nathan and
         {de Andrade Queiroz}, Anna B{\'a}rbara and {Deconto Machado}, Alice and
         {de la Torre}, Sylvain and {Dell'Agli}, Flavia and
         {du Mas des Bourboux}, H{\'e}lion and {Diamond-Stanic}, Aleksandar M. and
         {Dillon}, Sean and {Donor}, John and {Drory}, Niv and
         {Duckworth}, Chris and {Dwelly}, Tom and {Ebelke}, Garrett and
         {Eftekharzadeh}, Sarah and {Eigenbrot}, Arthur Davis and
         {Elsworth}, Yvonne P. and {Eracleous}, Mike and
         {Erfanianfar}, Ghazaleh and {Escoffier}, Stephanie and {Fan}, Xiaohui and
         {Farr}, Emily and {Fern{\'a}ndez-Trincado}, Jos{\'e} G. and
         {Feuillet}, Diane and {Finoguenov}, Alexis and {Fofie}, Patricia and
         {Fraser-McKelvie}, Amelia and {Frinchaboy}, Peter M. and
         {Fromenteau}, Sebastien and {Fu}, Hai and {Galbany}, Llu{\'\i}s and
         {Garcia}, Rafael A. and {Garc{\'\i}a-Hern{\'a}ndez}, D.~A. and
         {Garma Oehmichen}, Luis Alberto and {Ge}, Junqiang and
         {Geimba Maia}, Marcio Antonio and {Geisler}, Doug and {Gelfand
        }, Joseph and {Goddy}, Julian and {Gonzalez-Perez}, Violeta and
         {Grabowski}, Kathleen and {Green}, Paul and {Grier}, Catherine J. and
         {Guo}, Hong and {Guy}, Julien and {Harding}, Paul and
         {Hasselquist}, Sten and {Hawken}, Adam James and {Hayes}, Christian R. and
         {Hearty}, Fred and {Hekker}, S. and {Hogg}, David W. and
         {Holtzman}, Jon A. and {Horta}, Danny and {Hou}, Jiamin and
         {Hsieh}, Bau-Ching and {Huber}, Daniel and {Hunt}, Jason A.~S. and
         {Ider Chitham}, J. and {Imig}, Julie and {Jaber}, Mariana and
         {Jimenez Angel}, Camilo Eduardo and {Johnson}, Jennifer A. and
         {Jones}, Amy M. and {J{\"o}nsson}, Henrik and {Jullo}, Eric and
         {Kim}, Yerim and {Kinemuchi}, Karen and {Kirkpatrick}, Charles C., IV and
         {Kite}, George W. and {Klaene}, Mark and {Kneib}, Jean-Paul and
         {Kollmeier}, Juna A. and {Kong}, Hui and {Kounkel}, Marina and
         {Krishnarao}, Dhanesh and {Lacerna}, Ivan and {Lan}, Ting-Wen and
         {Lane}, Richard R. and {Law}, David R. and {Le Goff}, Jean-Marc and
         {Leung}, Henry W. and {Lewis}, Hannah and {Li}, Cheng and
         {Lian}, Jianhui and {Lin}, Lihwai and {Long}, Dan and
         {Longa-Pe{\~n}a}, Pen{\'e}lope and {Lundgren}, Britt and
         {Lyke}, Brad W. and {Ted Mackereth}, J. and {MacLeod}, Chelsea L. and
         {Majewski}, Steven R. and {Manchado}, Arturo and {Maraston}, Claudia and
         {Martini}, Paul and {Masseron}, Thomas and {Masters}, Karen L. and
         {Mathur}, Savita and {McDermid}, Richard M. and {Merloni}, Andrea and
         {Merrifield}, Michael and {M{\'e}sz{\'a}ros}, Szabolcs and
         {Miglio}, Andrea and {Minniti}, Dante and {Minsley}, Rebecca and
         {Miyaji}, Takamitsu and {Mohammad}, Faizan Gohar and {Mosser}, Benoit and
         {Mueller}, Eva-Maria and {Muna}, Demitri and
         {Mu{\~n}oz-Guti{\'e}rrez}, Andrea and {Myers}, Adam D. and
         {Nadathur}, Seshadri and {Nair}, Preethi and {Nandra}, Kirpal and
         {do Nascimento}, Janaina Correa and {Nevin}, Rebecca Jean and
         {Newman}, Jeffrey A. and {Nidever}, David L. and
         {Nitschelm}, Christian and {Noterdaeme}, Pasquier and
         {O'Connell}, Julia E. and {Olmstead}, Matthew D. and {Oravetz}, Daniel and
         {Oravetz}, Audrey and {Osorio}, Yeisson and {Pace}, Zachary J. and
         {Padilla}, Nelson and {Palanque-Delabrouille}, Nathalie and
         {Palicio}, Pedro A. and {Pan}, Hsi-An and {Pan}, Kaike and
         {Parker}, James and {Paviot}, Romain and {Peirani}, Sebastien and
         {Pe{\~n}a Ram{\'r}ez}, Karla and {Penny}, Samantha and
         {Percival}, Will J. and {Perez-Fournon}, Ismael and
         {P{\'e}rez-R{\`a}fols}, Ignasi and {Petitjean}, Patrick and
         {Pieri}, Matthew M. and {Pinsonneault}, Marc and
         {Poovelil}, Vijith Jacob and {Povick}, Joshua Tyler and
         {Prakash}, Abhishek and {Price-Whelan}, Adrian M. and
         {Raddick}, M. Jordan and {Raichoor}, Anand and {Ray}, Amy and
         {Rembold}, Sandro Barboza and {Rezaie}, Mehdi and {Riffel}, Rogemar A. and
         {Riffel}, Rog{\'e}rio and {Rix}, Hans-Walter and {Robin}, Annie C. and
         {Roman-Lopes}, A. and {Rom{\'a}n-Z{\'u}{\~n}iga}, Carlos and
         {Rose}, Benjamin and {Ross}, Ashley J. and {Rossi}, Graziano and {Rowland
        s}, Kate and {Rubin}, Kate H.~R. and {Salvato}, Mara and
         {S{\'a}nchez}, Ariel G. and {S{\'a}nchez-Menguiano}, Laura and
         {S{\'a}nchez-Gallego}, Jos{\'e} R. and {Sayres}, Conor and
         {Schaefer}, Adam and {Schiavon}, Ricardo P. and
         {Schimoia}, Jaderson S. and {Schlafly}, Edward and {Schlegel}, David and
         {Schneider}, Donald P. and {Schultheis}, Mathias and {Schwope}, Axel and
         {Seo}, Hee-Jong and {Serenelli}, Aldo and {Shafieloo}, Arman and
         {Shamsi}, Shoaib Jamal and {Shao}, Zhengyi and {Shen}, Shiyin and
         {Shetrone}, Matthew and {Shirley}, Raphael and
         {Silva Aguirre}, V{\'\i}ctor and {Simon}, Joshua D. and
         {Skrutskie}, M.~F. and {Slosar}, An{\v{z}}e and {Smethurst}, Rebecca and
         {Sobeck}, Jennifer and {Sodi}, Bernardo Cervantes and {Souto}, Diogo and
         {Stark}, David V. and {Stassun}, Keivan G. and {Steinmetz}, Matthias and
         {Stello}, Dennis and {Stermer}, Julianna and
         {Storchi-Bergmann}, Thaisa and {Streblyanska}, Alina and
         {Stringfellow}, Guy S. and {Stutz}, Amelia and {Su{\'a}rez}, Genaro and
         {Sun}, Jing and {Taghizadeh-Popp}, Manuchehr and {Talbot}, Michael S. and
         {Tayar}, Jamie and {Thakar}, Aniruddha R. and {Theriault}, Riley and
         {Thomas}, Daniel and {Thomas}, Zak C. and {Tinker}, Jeremy and
         {Tojeiro}, Rita and {Toledo}, Hector Hernandez and
         {Tremonti}, Christy A. and {Troup}, Nicholas W. and {Tuttle}, Sarah and
         {Unda-Sanzana}, Eduardo and {Valentini}, Marica and
         {Vargas-Gonz{\'a}lez}, Jaime and {Vargas-Maga{\~n}a}, Mariana and
         {V{\'a}zquez-Mata}, Jose Antonio and {Vivek}, M. and {Wake}, David and
         {Wang}, Yuting and {Weaver}, Benjamin Alan and {Weijmans}, Anne-Marie and
         {Wild}, Vivienne and {Wilson}, John C. and {Wilson}, Robert F. and
         {Wolthuis}, Nathan and {Wood-Vasey}, W.~M. and {Yan}, Renbin and
         {Yang}, Meng and {Y{\`e}che}, Christophe and {Zamora}, Olga and
         {Zarrouk}, Pauline and {Zasowski}, Gail and {Zhang}, Kai and
         {Zhao}, Cheng and {Zhao}, Gongbo and {Zheng}, Zheng and {Zheng}, Zheng and
         {Zhu}, Guangtun and {Zou}, Hu},
        title = "{The 16th Data Release of the Sloan Digital Sky Surveys: First Release from the APOGEE-2 Southern Survey and Full Release of eBOSS Spectra}",
      journal = {\apjs},
     keywords = {Astronomy databases, Optical telescopes, Infrared astronomy, Redshift surveys, Galactic abundances, Stellar spectral lines, Stellar properties, 786, 2002, 1630, 83, 1624, 1174, 1378, Astrophysics - Astrophysics of Galaxies, Astrophysics - Cosmology and Nongalactic Astrophysics, Astrophysics - Instrumentation and Methods for Astrophysics},
         year = 2020,
        month = jul,
       volume = {249},
       number = {1},
          eid = {3},
        pages = {3},
          doi = {10.3847/1538-4365/ab929e},
archivePrefix = {arXiv},
       eprint = {1912.02905},
 primaryClass = {astro-ph.GA},
       adsurl = {https://ui.adsabs.harvard.edu/abs/2020ApJS..249....3A},
      adsnote = {Provided by the SAO/NASA Astrophysics Data System}}


@article{Naess:2022jri,
    author = "Naess, Sigurd and Louis, Thibaut",
    title = "{Large-scale power loss in ground-based CMB mapmaking}",
    eprint = "2210.02243",
    archivePrefix = "arXiv",
    primaryClass = "astro-ph.IM",
    doi = "10.21105/astro.2210.02243",
    journal = "Open J. Astrophys.",
    volume = "6",
    pages = "2210.02243",
    year = "2023"
}

@article{PhysRevD.102.063517,
  title = {Lower bias, lower noise CMB lensing with foreground-hardened estimators},
  author = {Sailer, Noah and Schaan, Emmanuel and Ferraro, Simone},
  journal = {Phys. Rev. D},
  volume = {102},
  issue = {6},
  pages = {063517},
  numpages = {13},
  year = {2020},
  month = {Sep},
  publisher = {American Physical Society},
  doi = {10.1103/PhysRevD.102.063517},
  url = {https://link.aps.org/doi/10.1103/PhysRevD.102.063517}
}


@article{PhysRevD.107.023504,
  title = {Foreground-immune CMB lensing reconstruction with polarization},
  author = {Sailer, Noah and Ferraro, Simone and Schaan, Emmanuel},
  journal = {Phys. Rev. D},
  volume = {107},
  issue = {2},
  pages = {023504},
  numpages = {18},
  year = {2023},
  month = {Jan},
  publisher = {American Physical Society},
  doi = {10.1103/PhysRevD.107.023504},
  url = {https://link.aps.org/doi/10.1103/PhysRevD.107.023504}
}


@article{Stein_2020,
   title={The Websky extragalactic CMB simulations},
   volume={2020},
   ISSN={1475-7516},
   url={http://dx.doi.org/10.1088/1475-7516/2020/10/012},
   DOI={10.1088/1475-7516/2020/10/012},
   number={10},
   journal={Journal of Cosmology and Astroparticle Physics},
   publisher={IOP Publishing},
   author={Stein, George and Alvarez, Marcelo A. and Bond, J. Richard and Engelen, Alexander van and Battaglia, Nicholas},
   year={2020},
   month=oct, pages={012–012} }

@article{planck2015param,
 adsnote = {Provided by the SAO/NASA Astrophysics Data System},
 adsurl = {https://ui.adsabs.harvard.edu/abs/2016A&A...594A..15P},
 archiveprefix = {arXiv},
 author = {{Planck Collaboration} and {Ade}, P.~A.~R. and {Aghanim}, N. and {Arnaud}, M. and {Ashdown}, M. and {Aumont}, J. and {Baccigalupi}, C. and {Banday}, A.~J. and {Barreiro}, R.~B. and {Bartlett}, J.~G. and et al.},
 doi = {10.1051/0004-6361/201525941},
 eid = {A15},
 eprint = {1502.01591},
 journal = {\aap},
 keywords = {gravitational lensing: weak, cosmological parameters, cosmic background radiation, large-scale structure of Universe, cosmology: observations, Astrophysics - Cosmology and Nongalactic Astrophysics},
 month = {September},
 pages = {A15},
 primaryclass = {astro-ph.CO},
 title = {{Planck 2015 results. XV. Gravitational lensing}},
 volume = {594},
 year = {2016}
}


@article{Alonso_2019,
   title={A unified pseudo-Cℓ framework},
   volume={484},
   ISSN={1365-2966},
   url={http://dx.doi.org/10.1093/mnras/stz093},
   DOI={10.1093/mnras/stz093},
   number={3},
   journal={Monthly Notices of the Royal Astronomical Society},
   publisher={Oxford University Press (OUP)},
   author={Alonso, David and Sanchez, Javier and Slosar, Anže},
   year={2019},
   month=jan, pages={4127–4151} }


@article{Garc_a_Garc_a_2019,
   title={Disconnected pseudo-Cℓ covariances for projected large-scale structure data},
   volume={2019},
   ISSN={1475-7516},
   url={http://dx.doi.org/10.1088/1475-7516/2019/11/043},
   DOI={10.1088/1475-7516/2019/11/043},
   number={11},
   journal={Journal of Cosmology and Astroparticle Physics},
   publisher={IOP Publishing},
   author={García-García, Carlos and Alonso, David and Bellini, Emilio},
   year={2019},
   month=nov, pages={043–043} }

@article{Mead_2015,
   title={An accurate halo model for fitting non-linear cosmological power spectra and baryonic feedback models},
   volume={454},
   ISSN={1365-2966},
   url={http://dx.doi.org/10.1093/mnras/stv2036},
   DOI={10.1093/mnras/stv2036},
   number={2},
   journal={Monthly Notices of the Royal Astronomical Society},
   publisher={Oxford University Press (OUP)},
   author={Mead, A. J. and Peacock, J. A. and Heymans, C. and Joudaki, S. and Heavens, A. F.},
   year={2015},
   month=oct, pages={1958–1975} }


@article{Torrado_2021,
   title={Cobaya: code for Bayesian analysis of hierarchical physical models},
   volume={2021},
   ISSN={1475-7516},
   url={http://dx.doi.org/10.1088/1475-7516/2021/05/057},
   DOI={10.1088/1475-7516/2021/05/057},
   number={05},
   journal={Journal of Cosmology and Astroparticle Physics},
   publisher={IOP Publishing},
   author={Torrado, Jesús and Lewis, Antony},
   year={2021},
   month=may, pages={057} }

@article{Bolliet:2017lha,
    author = "Bolliet, Boris and Comis, Barbara and Komatsu, Eiichiro and Mac\'\i{}as-P\'erez, Juan Francisco",
    title = "{Dark energy constraints from the thermal Sunyaev\textendash{}Zeldovich power spectrum}",
    eprint = "1712.00788",
    archivePrefix = "arXiv",
    primaryClass = "astro-ph.CO",
    doi = "10.1093/mnras/sty823",
    journal = "Mon. Not. Roy. Astron. Soc.",
    volume = "477",
    number = "4",
    pages = "4957--4967",
    year = "2018"
}

@ARTICLE{2011JCAP...07..034B,
       author = {{Blas}, Diego and {Lesgourgues}, Julien and {Tram}, Thomas},
        title = "{The Cosmic Linear Anisotropy Solving System (CLASS). Part II: Approximation schemes}",
      journal = {\jcap},
     keywords = {Astrophysics - Cosmology and Nongalactic Astrophysics},
         year = 2011,
        month = jul,
       volume = {2011},
       number = {7},
          eid = {034},
        pages = {034},
          doi = {10.1088/1475-7516/2011/07/034},
archivePrefix = {arXiv},
       eprint = {1104.2933},
 primaryClass = {astro-ph.CO},
       adsurl = {https://ui.adsabs.harvard.edu/abs/2011JCAP...07..034B},
      adsnote = {Provided by the SAO/NASA Astrophysics Data System}
}


@ARTICLE{2011arXiv1104.2932L,
       author = {{Lesgourgues}, Julien},
        title = "{The Cosmic Linear Anisotropy Solving System (CLASS) I: Overview}",
      journal = {arXiv e-prints},
     keywords = {Astrophysics - Instrumentation and Methods for Astrophysics, Astrophysics - Cosmology and Extragalactic Astrophysics},
         year = 2011,
        month = apr,
          eid = {arXiv:1104.2932},
        pages = {arXiv:1104.2932},
          doi = {10.48550/arXiv.1104.2932},
archivePrefix = {arXiv},
       eprint = {1104.2932},
 primaryClass = {astro-ph.IM},
       adsurl = {https://ui.adsabs.harvard.edu/abs/2011arXiv1104.2932L},
      adsnote = {Provided by the SAO/NASA Astrophysics Data System}
}


@article{SpurioMancini:2021ppk,
    author = "Spurio Mancini, Alessio and Piras, Davide and Alsing, Justin and Joachimi, Benjamin and Hobson, Michael P.",
    title = "{CosmoPower: emulating cosmological power spectra for accelerated Bayesian inference from next-generation surveys}",
    eprint = "2106.03846",
    archivePrefix = "arXiv",
    primaryClass = "astro-ph.CO",
    doi = "10.1093/mnras/stac064",
    journal = "Mon. Not. Roy. Astron. Soc.",
    volume = "511",
    number = "2",
    pages = "1771--1788",
    year = "2022"
}


@article{Bolliet:2023eob,
    author = "Bolliet, B. and others",
    title = "{class\_sz I: Overview}",
    eprint = "2310.18482",
    archivePrefix = "arXiv",
    primaryClass = "astro-ph.IM",
    doi = "10.1051/epjconf/202429300008",
    journal = "EPJ Web Conf.",
    volume = "293",
    pages = "00008",
    year = "2024"
}

@ARTICLE{Bolliet:2023sst,
       author = {{Bolliet}, Boris and {Spurio Mancini}, Alessio and {Hill}, J. Colin and {Madhavacheril}, Mathew and {Jense}, Hidde T. and {Calabrese}, Erminia and {Dunkley}, Jo},
        title = "{High-accuracy emulators for observables in {\ensuremath{\Lambda}}CDM, N$_{eff}$, {\ensuremath{\Sigma}}m$_{{\ensuremath{\nu}}}$, and w cosmologies}",
      journal = {\mnras},
     keywords = {Astrophysics - Cosmology and Nongalactic Astrophysics},
         year = 2024,
        month = jun,
       volume = {531},
       number = {1},
        pages = {1351-1370},
          doi = {10.1093/mnras/stae1201},
archivePrefix = {arXiv},
       eprint = {2303.01591},
 primaryClass = {astro-ph.CO},
       adsurl = {https://ui.adsabs.harvard.edu/abs/2024MNRAS.531.1351B},
      adsnote = {Provided by the SAO/NASA Astrophysics Data System}
}


@article{ACT:2023kun,
    author = "Madhavacheril, Mathew S. and others",
    collaboration = "ACT",
    title = "{The Atacama Cosmology Telescope: DR6 Gravitational Lensing Map and Cosmological Parameters}",
    eprint = "2304.05203",
    archivePrefix = "arXiv",
    primaryClass = "astro-ph.CO",
    reportNumber = "FERMILAB-PUB-23-206-PPD",
    doi = "10.3847/1538-4357/acff5f",
    journal = "Astrophys. J.",
    volume = "962",
    number = "2",
    pages = "113",
    year = "2024"
}

@article{Gratton_2020,
   title={Understanding parameter differences between analyses employing nested data subsets},
   volume={499},
   ISSN={1365-2966},
   url={http://dx.doi.org/10.1093/mnras/staa2996},
   DOI={10.1093/mnras/staa2996},
   number={3},
   journal={Monthly Notices of the Royal Astronomical Society},
   publisher={Oxford University Press (OUP)},
   author={Gratton, Steven and Challinor, Anthony},
   year={2020},
   month=oct, pages={3410–3416} }

@article{Spurio_Mancini_2022,
   title={<scp>CosmoPower</scp>: emulating cosmological power spectra for accelerated Bayesian inference from next-generation surveys},
   volume={511},
   ISSN={1365-2966},
   url={http://dx.doi.org/10.1093/mnras/stac064},
   DOI={10.1093/mnras/stac064},
   number={2},
   journal={Monthly Notices of the Royal Astronomical Society},
   publisher={Oxford University Press (OUP)},
   author={Spurio Mancini, Alessio and Piras, Davide and Alsing, Justin and Joachimi, Benjamin and Hobson, Michael P},
   year={2022},
   month=jan, pages={1771–1788} }

@ARTICLE{2018MNRAS.481.2427C,
       author = {{Cawthon}, R. and {Davis}, C. and {Gatti}, M. and {Vielzeuf}, P. and
         {Elvin-Poole}, J. and {Rozo}, E. and {Frieman}, J. and {Rykoff}, E.~S. and
         {Alarcon}, A. and {Bernstein}, G.~M. and {Bonnett}, C. and
         {Carnero Rosell}, A. and {Castander}, F.~J. and {Chang}, C. and
         {da Costa}, L.~N. and {De Vicente}, J. and {DeRose}, J. and
         {Drlica-Wagner}, A. and {Gaztanaga}, E. and {Giannantonio}, T. and
         {Gruen}, D. and {Gschwend}, J. and {Hartley}, W.~G. and {Hoyle}, B. and
         {Lin}, H. and {Maia}, M.~A.~G. and {Miquel}, R. and {Ogando}, R.~L.~C. and
         {Rau}, M.~M. and {Roodman}, A. and {Ross}, A.~J. and
         {Sevilla-Noarbe}, I. and {Troxel}, M.~A. and {Wechsler}, R.~H. and
         {Abbott}, T.~M.~C. and {Abdalla}, F.~B. and {Allam}, S. and
         {Annis}, J. and {Avila}, S. and {Banerji}, M. and {Bechtol}, K. and
         {Bernstein}, R.~A. and {Bertin}, E. and {Brooks}, D. and
         {Burke}, D.~L. and {Carrasco Kind}, M. and {Carretero}, J. and
         {Cunha}, C.~E. and {D'Andrea}, C.~B. and {DePoy}, D.~L. and
         {Desai}, S. and {Diehl}, H.~T. and {Doel}, P. and {Eifler}, T.~F. and
         {Evrard}, A.~E. and {Flaugher}, B. and {Fosalba}, P. and
         {Garc{\'\i}a-Bellido}, J. and {Gerdes}, D.~W. and {Gruendl}, R.~A. and
         {Gutierrez}, G. and {Hollowood}, D. and {Honscheid}, K. and
         {James}, D.~J. and {Jeltema}, T. and {Krause}, E. and {Kuehn}, K. and
         {Kuhlmann}, S. and {Kuropatkin}, N. and {Lahav}, O. and {Lima}, M. and
         {Marshall}, J.~L. and {Martini}, P. and {Menanteau}, F. and
         {Miller}, C.~J. and {Plazas}, A.~A. and {Sanchez}, E. and
         {Scarpine}, V. and {Schindler}, R. and {Schubnell}, M. and
         {Sheldon}, E. and {Smith}, M. and {Smith}, R.~C. and
         {Soares-Santos}, M. and {Sobreira}, F. and {Suchyta}, E. and
         {Swanson}, M.~E.~C. and {Tarle}, G. and {Thomas}, D. and
         {Tucker}, D.~L. and {Walker}, A.~R. and {DES Collaboration}},
        title = "{Dark Energy Survey Year 1 Results: calibration of redMaGiC redshift distributions in DES and SDSS from cross-correlations}",
      journal = {\mnras},
     keywords = {surveys, galaxies: distances and redshifts, large-scale structure of Universe, Astrophysics - Cosmology and Nongalactic Astrophysics},
         year = 2018,
        month = dec,
       volume = {481},
       number = {2},
        pages = {2427-2443},
          doi = {10.1093/mnras/sty2424},
archivePrefix = {arXiv},
       eprint = {1712.07298},
 primaryClass = {astro-ph.CO},
       adsurl = {https://ui.adsabs.harvard.edu/abs/2018MNRAS.481.2427C},
      adsnote = {Provided by the SAO/NASA Astrophysics Data System}
}

@article{Gelman1992,
author = {Andrew Gelman and Donald B. Rubin},
title = {{Inference from Iterative Simulation Using Multiple Sequences}},
volume = {7},
journal = {Statistical Science},
number = {4},
publisher = {Institute of Mathematical Statistics},
pages = {457 -- 472},
keywords = {Bayesian inference, Convergence of stochastic processes, ECM, EM, Gibbs sampler, importance sampling, Metropolis algorithm, multiple imputation, random-effects model, SIR},
year = {1992},
doi = {10.1214/ss/1177011136},
URL = {https://doi.org/10.1214/ss/1177011136}
}

@article{Gelman1998,
author = { Stephen P.   Brooks  and  Andrew   Gelman },
title = {General Methods for Monitoring Convergence of Iterative Simulations},
journal = {Journal of Computational and Graphical Statistics},
volume = {7},
number = {4},
pages = {434-455},
year  = {1998},
publisher = {Taylor & Francis},
doi = {10.1080/10618600.1998.10474787},
URL = {https://www.tandfonline.com/doi/abs/10.1080/10618600.1998.10474787},
eprint = { https://www.tandfonline.com/doi/pdf/10.1080/10618600.1998.10474787}
}

@article{1106.3366,
 adsnote = {Provided by the SAO/NASA Astrophysics Data System},
 adsurl = {https://ui.adsabs.harvard.edu/abs/2011MNRAS.416.3017B},
 archiveprefix = {arXiv},
 author = {{Beutler}, Florian and {Blake}, Chris and {Colless}, Matthew and {Jones}, D. Heath and {Staveley-Smith}, Lister and {Campbell}, Lachlan and {Parker}, Quentin and {Saunders}, Will and {Watson}, Fred},
 doi = {10.1111/j.1365-2966.2011.19250.x},
 eprint = {1106.3366},
 journal = {\mnras},
 keywords = {surveys, cosmology: observations, dark energy, distance scale, large-scale structure of Universe, Astrophysics - Cosmology and Nongalactic Astrophysics},
 month = {October},
 number = {4},
 pages = {3017-3032},
 primaryclass = {astro-ph.CO},
 title = {{The 6dF Galaxy Survey: baryon acoustic oscillations and the local Hubble constant}},
 volume = {416},
 year = {2011}
}

@article{1409.3242,
 adsnote = {Provided by the SAO/NASA Astrophysics Data System},
 adsurl = {https://ui.adsabs.harvard.edu/abs/2015MNRAS.449..835R},
 archiveprefix = {arXiv},
 author = {{Ross}, Ashley J. and {Samushia}, Lado and {Howlett}, Cullan and {Percival}, Will J. and {Burden}, Angela and {Manera}, Marc},
 doi = {10.1093/mnras/stv154},
 eprint = {1409.3242},
 journal = {\mnras},
 keywords = {Astrophysics - Cosmology and Nongalactic Astrophysics},
 month = {May},
 number = {1},
 pages = {835-847},
 primaryclass = {astro-ph.CO},
 title = {{The clustering of the SDSS DR7 main Galaxy sample - I. A 4 per cent distance measure at z = 0.15}},
 volume = {449},
 year = {2015}
}

@article{1502.01588,
 adsnote = {Provided by the SAO/NASA Astrophysics Data System},
 adsurl = {https://ui.adsabs.harvard.edu/abs/2016A&A...594A..10P},
 archiveprefix = {arXiv},
 author = {{Planck Collaboration} and {Adam}, R. and {Ade}, P.~A.~R. and {Aghanim}, N. and {Alves}, M.~I.~R. and {Arnaud}, M. and {Ashdown}, M. and {Aumont}, J. and {Baccigalupi}, C. and {Banday}, A.~J. and et al.},
 doi = {10.1051/0004-6361/201525967},
 eid = {A10},
 eprint = {1502.01588},
 journal = {\aap},
 keywords = {ISM: general, cosmology: observations, polarization, cosmic background radiation, diffuse radiation, Galaxy: general, Astrophysics - Cosmology and Nongalactic Astrophysics},
 month = {September},
 pages = {A10},
 primaryclass = {astro-ph.CO},
 title = {{Planck 2015 results. X. Diffuse component separation: Foreground maps}},
 volume = {594},
 year = {2016}
}



@misc{desicollaboration2024desi2024vicosmological,
      title={DESI 2024 VI: Cosmological Constraints from the Measurements of Baryon Acoustic Oscillations}, 
      author={DESI Collaboration and A. G. Adame and J. Aguilar and S. Ahlen and S. Alam and D. M. Alexander and M. Alvarez and O. Alves and A. Anand and U. Andrade and E. Armengaud and S. Avila and A. Aviles and H. Awan and B. Bahr-Kalus and S. Bailey and C. Baltay and A. Bault and J. Behera and S. BenZvi and A. Bera and F. Beutler and D. Bianchi and C. Blake and R. Blum and S. Brieden and A. Brodzeller and D. Brooks and E. Buckley-Geer and E. Burtin and R. Calderon and R. Canning and A. Carnero Rosell and R. Cereskaite and J. L. Cervantes-Cota and S. Chabanier and E. Chaussidon and J. Chaves-Montero and S. Chen and X. Chen and T. Claybaugh and S. Cole and A. Cuceu and T. M. Davis and K. Dawson and A. de la Macorra and A. de Mattia and N. Deiosso and A. Dey and B. Dey and Z. Ding and P. Doel and J. Edelstein and S. Eftekharzadeh and D. J. Eisenstein and A. Elliott and P. Fagrelius and K. Fanning and S. Ferraro and J. Ereza and N. Findlay and B. Flaugher and A. Font-Ribera and D. Forero-Sánchez and J. E. Forero-Romero and C. S. Frenk and C. Garcia-Quintero and E. Gaztañaga and H. Gil-Marín and S. Gontcho A Gontcho and A. X. Gonzalez-Morales and V. Gonzalez-Perez and C. Gordon and D. Green and D. Gruen and R. Gsponer and G. Gutierrez and J. Guy and B. Hadzhiyska and C. Hahn and M. M. S Hanif and H. K. Herrera-Alcantar and K. Honscheid and C. Howlett and D. Huterer and V. Iršič and M. Ishak and S. Juneau and N. G. Karaçaylı and R. Kehoe and S. Kent and D. Kirkby and A. Kremin and A. Krolewski and Y. Lai and T. -W. Lan and M. Landriau and D. Lang and J. Lasker and J. M. Le Goff and L. Le Guillou and A. Leauthaud and M. E. Levi and T. S. Li and E. Linder and K. Lodha and C. Magneville and M. Manera and D. Margala and P. Martini and M. Maus and P. McDonald and L. Medina-Varela and A. Meisner and J. Mena-Fernández and R. Miquel and J. Moon and S. Moore and J. Moustakas and N. Mudur and E. Mueller and A. Muñoz-Gutiérrez and A. D. Myers and S. Nadathur and L. Napolitano and R. Neveux and J. A. Newman and N. M. Nguyen and J. Nie and G. Niz and H. E. Noriega and N. Padmanabhan and E. Paillas and N. Palanque-Delabrouille and J. Pan and S. Penmetsa and W. J. Percival and M. M. Pieri and M. Pinon and C. Poppett and A. Porredon and F. Prada and A. Pérez-Fernández and I. Pérez-Ràfols and D. Rabinowitz and A. Raichoor and C. Ramírez-Pérez and S. Ramirez-Solano and C. Ravoux and M. Rashkovetskyi and M. Rezaie and J. Rich and A. Rocher and C. Rockosi and N. A. Roe and A. Rosado-Marin and A. J. Ross and G. Rossi and R. Ruggeri and V. Ruhlmann-Kleider and L. Samushia and E. Sanchez and C. Saulder and E. F. Schlafly and D. Schlegel and M. Schubnell and H. Seo and A. Shafieloo and R. Sharples and J. Silber and A. Slosar and A. Smith and D. Sprayberry and T. Tan and G. Tarlé and P. Taylor and S. Trusov and L. A. Ureña-López and R. Vaisakh and D. Valcin and F. Valdes and M. Vargas-Magaña and L. Verde and M. Walther and B. Wang and M. S. Wang and B. A. Weaver and N. Weaverdyck and R. H. Wechsler and D. H. Weinberg and M. White and J. Yu and Y. Yu and S. Yuan and C. Yèche and E. A. Zaborowski and P. Zarrouk and H. Zhang and C. Zhao and R. Zhao and R. Zhou and T. Zhuang and H. Zou},
      year={2024},
      eprint={2404.03002},
      archivePrefix={arXiv},
      primaryClass={astro-ph.CO},
      url={https://arxiv.org/abs/2404.03002}, 
}

@ARTICLE{Carron:2022,
       author = {{Carron}, Julien and {Mirmelstein}, Mark and {Lewis}, Antony},
        title = "{CMB lensing from Planck PR4 maps}",
      journal = {\jcap},
     keywords = {cosmological parameters from CMBR, gravitational lensing, Astrophysics - Cosmology and Nongalactic Astrophysics},
         year = 2022,
        month = sep,
       volume = {2022},
       number = {9},
          eid = {039},
        pages = {039},
          doi = {10.1088/1475-7516/2022/09/039},
archivePrefix = {arXiv},
       eprint = {2206.07773},
 primaryClass = {astro-ph.CO},
       adsurl = {https://ui.adsabs.harvard.edu/abs/2022JCAP...09..039C},
      adsnote = {Provided by the SAO/NASA Astrophysics Data System}}

@article{White:2021yvw,
    author = "White, Martin and others",
    title = "{Cosmological constraints from the tomographic cross-correlation of DESI Luminous Red Galaxies and Planck CMB lensing}",
    eprint = "2111.09898",
    archivePrefix = "arXiv",
    primaryClass = "astro-ph.CO",
    doi = "10.1088/1475-7516/2022/02/007",
    journal = "JCAP",
    volume = "02",
    number = "02",
    pages = "007",
    year = "2022"
}

@article{Carlstrom_2002,
   title={Cosmology with the Sunyaev-Zel’dovich Effect},
   volume={40},
   ISSN={1545-4282},
   url={http://dx.doi.org/10.1146/annurev.astro.40.060401.093803},
   DOI={10.1146/annurev.astro.40.060401.093803},
   number={1},
   journal={Annual Review of Astronomy and Astrophysics},
   publisher={Annual Reviews},
   author={Carlstrom, John E. and Holder, Gilbert P. and Reese, Erik D.},
   year={2002},
   month=sep, pages={643–680} }

@article{PhysRevD.104.043504,
  title = {Non-Gaussian estimates of tensions in cosmological parameters},
  author = {Raveri, Marco and Doux, Cyrille},
  journal = {Phys. Rev. D},
  volume = {104},
  issue = {4},
  pages = {043504},
  numpages = {19},
  year = {2021},
  month = {Aug},
  publisher = {American Physical Society},
  doi = {10.1103/PhysRevD.104.043504},
  url = {https://link.aps.org/doi/10.1103/PhysRevD.104.043504}
}

@article{Saulder:2023oqm,
    author = "Saulder, Christoph and others",
    title = "{Target selection for the DESI Peculiar Velocity Survey}",
    eprint = "2302.13760",
    archivePrefix = "arXiv",
    primaryClass = "astro-ph.CO",
    doi = "10.1093/mnras/stad2200",
    journal = "Mon. Not. Roy. Astron. Soc.",
    volume = "525",
    number = "1",
    pages = "1106--1125",
    year = "2023"
}


@article{Stahl:2021mat,
    author = "Stahl, Benjamin E. and de Jaeger, Thomas and Boruah, Supranta S. and Zheng, WeiKang and Filippenko, Alexei V. and Hudson, Michael J.",
    title = "{Peculiar-velocity cosmology with Types Ia and II supernovae}",
    eprint = "2105.05185",
    archivePrefix = "arXiv",
    primaryClass = "astro-ph.CO",
    doi = "10.1093/mnras/stab1446",
    journal = "Mon. Not. Roy. Astron. Soc.",
    volume = "505",
    number = "2",
    pages = "2349--2360",
    year = "2021"
}

@article{Howlett:2022len,
    author = "Howlett, Cullan and Said, Khaled and Lucey, John R. and Colless, Matthew and Qin, Fei and Lai, Yan and Tully, R. Brent and Davis, Tamara M.",
    title = "{The sloan digital sky survey peculiar velocity catalogue}",
    eprint = "2201.03112",
    archivePrefix = "arXiv",
    primaryClass = "astro-ph.CO",
    doi = "10.1093/mnras/stac1681",
    journal = "Mon. Not. Roy. Astron. Soc.",
    volume = "515",
    number = "1",
    pages = "953--976",
    year = "2022"
}

@article{Kitanidis2020,
   abstract = {Cross-correlations between the lensing of the cosmic microwave background (CMB) and other tracers of large-scale structure provide a unique way to reconstruct the growth of dark matter, break degeneracies between cosmology and galaxy physics, and test theories of modified gravity. We detect a cross-correlation between DESI-like luminous red galaxies (LRGs) selected from DECaLS imaging and CMB lensing maps reconstructed with the Planck satellite at a significance of $S/N = 27.2$ over scales $\ell_\{\rm min\} = 30$, $\ell_\{\rm max\} = 1000$. To correct for magnification bias, we determine the slope of the LRG cumulative magnitude function at the faint limit as $s = 0.999 \pm 0.015$, and find corresponding corrections on the order of a few percent for $C^\{\kappa g\}_\{\ell\}, C^\{gg\}_\{\ell\}$ across the scales of interest. We fit the large-scale galaxy bias at the effective redshift of the cross-correlation $z_\{\rm eff\} \approx 0.68$ using two different bias evolution agnostic models: a HaloFit times linear bias model where the bias evolution is folded into the clustering-based estimation of the redshift kernel, and a Lagrangian perturbation theory model of the clustering evaluated at $z_\{\rm eff\}$. We also determine the error on the bias from uncertainty in the redshift distribution; within this error, the two methods show excellent agreement with each other and with DESI survey expectations.},
   author = {Ellie Kitanidis and Martin White},
   doi = {10.1093/mnras/staa3927},
   issue = {4},
   journal = {Monthly Notices of the Royal Astronomical Society},
   keywords = {cosmic background radiation,large-scale structure of Universe},
   month = {10},
   pages = {6181-6198},
   publisher = {Oxford University Press},
   title = {Cross-Correlation of Planck CMB Lensing with DESI-Like LRGs},
   volume = {501},
   url = {http://arxiv.org/abs/2010.04698 http://dx.doi.org/10.1093/mnras/staa3927},
   year = {2020},
}

@article{Singh:2018kmr,
    author = "Singh, Sukhdeep and Mandelbaum, Rachel and Seljak, Uro\v{s} and Rodr\'\i{}guez-Torres, Sergio and Slosar, An\v{z}e",
    title = "{Cosmological constraints from galaxy\textendash{}lensing cross-correlations using BOSS galaxies with SDSS and CMB lensing}",
    eprint = "1811.06499",
    archivePrefix = "arXiv",
    primaryClass = "astro-ph.CO",
    doi = "10.1093/mnras/stz2922",
    journal = "Mon. Not. Roy. Astron. Soc.",
    volume = "491",
    number = "1",
    pages = "51--68",
    year = "2020"
}

@article{Chen_2022,
	doi = {10.1088/1475-7516/2022/07/041},
	url = {https://dx.doi.org/10.1088/1475-7516/2022/07/041},
	year = {2022},
	month = {jul},
	publisher = {IOP Publishing},
	volume = {2022},
	number = {07},
	pages = {041},
	author = {Shi-Fan Chen and Martin White and Joseph DeRose and Nickolas Kokron},
	title = {Cosmological analysis of three-dimensional BOSS galaxy clustering and Planck CMB lensing cross correlations via Lagrangian perturbation theory},
	journal = {Journal of Cosmology and Astroparticle Physics},
	abstract = {We present a formalism for jointly fitting pre- and post-reconstruction redshift-space clustering (RSD) and baryon acoustic oscillations (BAO) plus gravitational lensing (of the CMB) that works directly with the observed 2-point statistics.  The formalism is based upon (effective) Lagrangian perturbation theory and a Lagrangian bias expansion, which models RSD, BAO and galaxy-lensing cross correlations within a consistent dynamical framework. As an example we present an analysis of clustering measured by the Baryon Oscillation Spectroscopic Survey in combination with CMB lensing measured by Planck.  The post-reconstruction BAO strongly constrains the distance-redshift relation, the full-shape redshift-space clustering constrains the matter density and growth rate, and CMB lensing constrains the clustering amplitude.  Using only the redshift space data we obtain Ωm = 0.303 ± 0.008, H 0 = 69.21 ± 0.78 and σ 8 = 0.743 ± 0.043.  The addition of lensing information, even when restricted to the Northern Galactic Cap, improves constraints to Ωm = 0.303 ± 0.008, H 0 = 69.21 ± 0.77 and σ 8 = 0.707 ± 0.035, in tension with CMB and cosmic shear constraints. The combination of Ωm and H 0 are consistent with Planck, though their constraints derive mostly from redshift-space clustering. The low σ 8 value are driven by cross correlations with CMB lensing in the low redshift bin (z ≃ 0.38) and at large angular scales, which show a 20\% deficit compared to expectations from galaxy clustering alone. We conduct several systematics tests on the data and find none that could fully explain these tensions.}
}

@misc{qu2023atacama,
      title={The Atacama Cosmology Telescope: A Measurement of the DR6 CMB Lensing Power Spectrum and its Implications for Structure Growth}, 
      author={Frank J. Qu and Blake D. Sherwin and Mathew S. Madhavacheril and Dongwon Han and Kevin T. Crowley and Irene Abril-Cabezas and Peter A. R. Ade and Simone Aiola and Tommy Alford and Mandana Amiri and Stefania Amodeo and Rui An and Zachary Atkins and Jason E. Austermann and Nicholas Battaglia and Elia Stefano Battistelli and James A. Beall and Rachel Bean and Benjamin Beringue and Tanay Bhandarkar and Emily Biermann and Boris Bolliet and J Richard Bond and Hongbo Cai and Erminia Calabrese and Victoria Calafut and Valentina Capalbo and Felipe Carrero and Julien Carron and Anthony Challinor and Grace E. Chesmore and Hsiao-mei Cho and Steve K. Choi and Susan E. Clark and Rodrigo Córdova Rosado and Nicholas F. Cothard and Kevin Coughlin and William Coulton and Roohi Dalal and Omar Darwish and Mark J. Devlin and Simon Dicker and Peter Doze and Cody J. Duell and Shannon M. Duff and Adriaan J. Duivenvoorden and Jo Dunkley and Rolando Dünner and Valentina Fanfani and Max Fankhanel and Gerrit Farren and Simone Ferraro and Rodrigo Freundt and Brittany Fuzia and Patricio A. Gallardo and Xavier Garrido and Vera Gluscevic and Joseph E. Golec and Yilun Guan and Mark Halpern and Ian Harrison and Matthew Hasselfield and Erin Healy and Shawn Henderson and Brandon Hensley and Carlos Hervías-Caimapo and J. Colin Hill and Gene C. Hilton and Matt Hilton and Adam D. Hincks and Renée Hložek and Shuay-Pwu Patty Ho and Zachary B. Huber and Johannes Hubmayr and Kevin M. Huffenberger and John P. Hughes and Kent Irwin and Giovanni Isopi and Hidde T. Jense and Ben Keller and Joshua Kim and Kenda Knowles and Brian J. Koopman and Arthur Kosowsky and Darby Kramer and Aleksandra Kusiak and Adrien La Posta and Alex Lague and Victoria Lakey and Eunseong Lee and Zack Li and Yaqiong Li and Michele Limon and Martine Lokken and Thibaut Louis and Marius Lungu and Niall MacCrann and Amanda MacInnis and Diego Maldonado and Felipe Maldonado and Maya Mallaby-Kay and Gabriela A. Marques and Jeff McMahon and Yogesh Mehta and Felipe Menanteau and Kavilan Moodley and Thomas W. Morris and Tony Mroczkowski and Sigurd Naess and Toshiya Namikawa and Federico Nati and Laura Newburgh and Andrina Nicola and Michael D. Niemack and Michael R. Nolta and John Orlowski-Scherer and Lyman A. Page and Shivam Pandey and Bruce Partridge and Heather Prince and Roberto Puddu and Federico Radiconi and Naomi Robertson and Felipe Rojas and Tai Sakuma and Maria Salatino and Emmanuel Schaan and Benjamin L. Schmitt and Neelima Sehgal and Shabbir Shaikh and Carlos Sierra and Jon Sievers and Cristóbal Sifón and Sara Simon and Rita Sonka and David N. Spergel and Suzanne T. Staggs and Emilie Storer and Eric R. Switzer and Niklas Tampier and Robert Thornton and Hy Trac and Jesse Treu and Carole Tucker and Joel Ulluom and Leila R. Vale and Alexander Van Engelen and Jeff Van Lanen and Joshiwa van Marrewijk and Cristian Vargas and Eve M. Vavagiakis and Kasey Wagoner and Yuhan Wang and Lukas Wenzl and Edward J. Wollack and Zhilei Xu and Fernando Zago and Kaiwen Zhang},
      year={2023},
      eprint={2304.05202},
      archivePrefix={arXiv},
      primaryClass={astro-ph.CO}
}

@ARTICLE{farren2023atacama,
       author = {{Farren}, Gerrit S. and {Krolewski}, Alex and {MacCrann}, Niall and {Ferraro}, Simone and {Abril-Cabezas}, Irene and {An}, Rui and {Atkins}, Zachary and {Battaglia}, Nicholas and {Bond}, J. Richard and {Calabrese}, Erminia and {Choi}, Steve K. and {Darwish}, Omar and {Devlin}, Mark J. and {Duivenvoorden}, Adriaan J. and {Dunkley}, Jo and {Hill}, J. Colin and {Hilton}, Matt and {Huffenberger}, Kevin M. and {Kim}, Joshua and {Louis}, Thibaut and {Madhavacheril}, Mathew S. and {Marques}, Gabriela A. and {McMahon}, Jeff and {Moodley}, Kavilan and {Page}, Lyman A. and {Partridge}, Bruce and {Qu}, Frank J. and {Schaan}, Emmanuel and {Sehgal}, Neelima and {Sherwin}, Blake D. and {Sif{\'o}n}, Crist{\'o}bal and {Staggs}, Suzanne T. and {Van Engelen}, Alexander and {Vargas}, Cristian and {Wenzl}, Lukas and {White}, Martin and {Wollack}, Edward J.},
        title = "{The Atacama Cosmology Telescope: Cosmology from Cross-correlations of unWISE Galaxies and ACT DR6 CMB Lensing}",
      journal = {\apj},
     keywords = {Observational cosmology, Sigma8, Cosmological parameters from large-scale structure, Cosmic microwave background radiation, Weak gravitational lensing, Large-scale structure of the universe, Cosmology, Cosmological parameters, 1146, 1455, 340, 322, 1797, 902, 343, 339, Astrophysics - Cosmology and Nongalactic Astrophysics},
         year = 2024,
        month = may,
       volume = {966},
       number = {2},
          eid = {157},
        pages = {157},
          doi = {10.3847/1538-4357/ad31a5},
archivePrefix = {arXiv},
       eprint = {2309.05659},
 primaryClass = {astro-ph.CO},
       adsurl = {https://ui.adsabs.harvard.edu/abs/2024ApJ...966..157F},
      adsnote = {Provided by the SAO/NASA Astrophysics Data System}
}
@article{Atkins:2023yzu,
    author = "Atkins, Zachary and others",
    title = "{The Atacama Cosmology Telescope: map-based noise simulations for DR6}",
    eprint = "2303.04180",
    archivePrefix = "arXiv",
    primaryClass = "astro-ph.CO",
    doi = "10.1088/1475-7516/2023/11/073",
    journal = "JCAP",
    volume = "11",
    pages = "073",
    year = "2023"
}

@ARTICLE{maccrann2023atacama,
       author = {{MacCrann}, Niall and {Sherwin}, Blake D. and {Qu}, Frank J. and {Namikawa}, Toshiya and {Madhavacheril}, Mathew S. and {Abril-Cabezas}, Irene and {An}, Rui and {Austermann}, Jason E. and {Battaglia}, Nicholas and {Battistelli}, Elia S. and {Beall}, James A. and {Bolliet}, Boris and {Bond}, J. Richard and {Cai}, Hongbo and {Calabrese}, Erminia and {Coulton}, William R. and {Darwish}, Omar and {Duff}, Shannon M. and {Duivenvoorden}, Adriaan J. and {Dunkley}, Jo and {Farren}, Gerrit S. and {Ferraro}, Simone and {Golec}, Joseph E. and {Guan}, Yilun and {Han}, Dongwon and {Herv{\'\i}as-Caimapo}, Carlos and {Hill}, J. Colin and {Hilton}, Matt and {Hlo{\v{z}}ek}, Ren{\'e}e and {Hubmayr}, Johannes and {Kim}, Joshua and {Li}, Zack and {Kosowsky}, Arthur and {Louis}, Thibaut and {McMahon}, Jeff and {Marques}, Gabriela A. and {Moodley}, Kavilan and {Naess}, Sigurd and {Niemack}, Michael D. and {Page}, Lyman and {Partridge}, Bruce and {Schaan}, Emmanuel and {Sehgal}, Neelima and {Sif{\'o}n}, Crist{\'o}bal and {Wollack}, Edward J. and {Salatino}, Maria and {Ullom}, Joel N. and {Van Lanen}, Jeff and {Van Engelen}, Alexander and {Wenzl}, Lukas},
        title = "{The Atacama Cosmology Telescope: Mitigating the Impact of Extragalactic Foregrounds for the DR6 Cosmic Microwave Background Lensing Analysis}",
      journal = {\apj},
     keywords = {Cosmology, Large-scale structure of the universe, Weak gravitational lensing, Cosmic microwave background radiation, 343, 902, 1797, 322, Astrophysics - Cosmology and Nongalactic Astrophysics},
         year = 2024,
        month = may,
       volume = {966},
       number = {1},
          eid = {138},
        pages = {138},
          doi = {10.3847/1538-4357/ad2610},
archivePrefix = {arXiv},
       eprint = {2304.05196},
 primaryClass = {astro-ph.CO},
       adsurl = {https://ui.adsabs.harvard.edu/abs/2024ApJ...966..138M},
      adsnote = {Provided by the SAO/NASA Astrophysics Data System}
}

@article{Hartlap_2006,
   title={Why your model parameter confidences might be too optimistic.  Unbiased estimation of the inverse covariance matrix},
   volume={464},
   ISSN={1432-0746},
   url={http://dx.doi.org/10.1051/0004-6361:20066170},
   DOI={10.1051/0004-6361:20066170},
   number={1},
   journal={Astronomy and Astrophysics},
   publisher={EDP Sciences},
   author={Hartlap, J. and Simon, P. and Schneider, P.},
   year={2006},
   month=dec, pages={399–404} }

@ARTICLE{Planck2018Param,
       shortauthor = {{Planck Collaboration}},
       author = {{Planck Collaboration} and {Aghanim}, N. and {Akrami}, Y. and {Ashdown}, M. and {Aumont}, J. and {Baccigalupi}, C. and {Ballardini}, M. and {Banday}, A.~J. and {Barreiro}, R.~B. and {Bartolo}, N. and {Basak}, S. and {Battye}, R. and {Benabed}, K. and {Bernard}, J. -P. and {Bersanelli}, M. and {Bielewicz}, P. and {Bock}, J.~J. and {Bond}, J.~R. and {Borrill}, J. and {Bouchet}, F.~R. and {Boulanger}, F. and {Bucher}, M. and {Burigana}, C. and {Butler}, R.~C. and {Calabrese}, E. and {Cardoso}, J. -F. and {Carron}, J. and {Challinor}, A. and {Chiang}, H.~C. and {Chluba}, J. and {Colombo}, L.~P.~L. and {Combet}, C. and {Contreras}, D. and {Crill}, B.~P. and {Cuttaia}, F. and {de Bernardis}, P. and {de Zotti}, G. and {Delabrouille}, J. and {Delouis}, J. -M. and {Di Valentino}, E. and {Diego}, J.~M. and {Dor{\'e}}, O. and {Douspis}, M. and {Ducout}, A. and {Dupac}, X. and {Dusini}, S. and {Efstathiou}, G. and {Elsner}, F. and {En{\ss}lin}, T.~A. and {Eriksen}, H.~K. and {Fantaye}, Y. and {Farhang}, M. and {Fergusson}, J. and {Fernandez-Cobos}, R. and {Finelli}, F. and {Forastieri}, F. and {Frailis}, M. and {Fraisse}, A.~A. and {Franceschi}, E. and {Frolov}, A. and {Galeotta}, S. and {Galli}, S. and {Ganga}, K. and {G{\'e}nova-Santos}, R.~T. and {Gerbino}, M. and {Ghosh}, T. and {Gonz{\'a}lez-Nuevo}, J. and {G{\'o}rski}, K.~M. and {Gratton}, S. and {Gruppuso}, A. and {Gudmundsson}, J.~E. and {Hamann}, J. and {Handley}, W. and {Hansen}, F.~K. and {Herranz}, D. and {Hildebrandt}, S.~R. and {Hivon}, E. and {Huang}, Z. and {Jaffe}, A.~H. and {Jones}, W.~C. and {Karakci}, A. and {Keih{\"a}nen}, E. and {Keskitalo}, R. and {Kiiveri}, K. and {Kim}, J. and {Kisner}, T.~S. and {Knox}, L. and {Krachmalnicoff}, N. and {Kunz}, M. and {Kurki-Suonio}, H. and {Lagache}, G. and {Lamarre}, J. -M. and {Lasenby}, A. and {Lattanzi}, M. and {Lawrence}, C.~R. and {Le Jeune}, M. and {Lemos}, P. and {Lesgourgues}, J. and {Levrier}, F. and {Lewis}, A. and {Liguori}, M. and {Lilje}, P.~B. and {Lilley}, M. and {Lindholm}, V. and {L{\'o}pez-Caniego}, M. and {Lubin}, P.~M. and {Ma}, Y. -Z. and {Mac{\'\i}as-P{\'e}rez}, J.~F. and {Maggio}, G. and {Maino}, D. and {Mandolesi}, N. and {Mangilli}, A. and {Marcos-Caballero}, A. and {Maris}, M. and {Martin}, P.~G. and {Martinelli}, M. and {Mart{\'\i}nez-Gonz{\'a}lez}, E. and {Matarrese}, S. and {Mauri}, N. and {McEwen}, J.~D. and {Meinhold}, P.~R. and {Melchiorri}, A. and {Mennella}, A. and {Migliaccio}, M. and {Millea}, M. and {Mitra}, S. and {Miville-Desch{\^e}nes}, M. -A. and {Molinari}, D. and {Montier}, L. and {Morgante}, G. and {Moss}, A. and {Natoli}, P. and {N{\o}rgaard-Nielsen}, H.~U. and {Pagano}, L. and {Paoletti}, D. and {Partridge}, B. and {Patanchon}, G. and {Peiris}, H.~V. and {Perrotta}, F. and {Pettorino}, V. and {Piacentini}, F. and {Polastri}, L. and {Polenta}, G. and {Puget}, J. -L. and {Rachen}, J.~P. and {Reinecke}, M. and {Remazeilles}, M. and {Renzi}, A. and {Rocha}, G. and {Rosset}, C. and {Roudier}, G. and {Rubi{\~n}o-Mart{\'\i}n}, J.~A. and {Ruiz-Granados}, B. and {Salvati}, L. and {Sandri}, M. and {Savelainen}, M. and {Scott}, D. and {Shellard}, E.~P.~S. and {Sirignano}, C. and {Sirri}, G. and {Spencer}, L.~D. and {Sunyaev}, R. and {Suur-Uski}, A. -S. and {Tauber}, J.~A. and {Tavagnacco}, D. and {Tenti}, M. and {Toffolatti}, L. and {Tomasi}, M. and {Trombetti}, T. and {Valenziano}, L. and {Valiviita}, J. and {Van Tent}, B. and {Vibert}, L. and {Vielva}, P. and {Villa}, F. and {Vittorio}, N. and {Wandelt}, B.~D. and {Wehus}, I.~K. and {White}, M. and {White}, S.~D.~M. and {Zacchei}, A. and {Zonca}, A.},
        title = "{Planck 2018 results. VI. Cosmological parameters}",
      journal = {\aap},
     keywords = {cosmic background radiation, cosmological parameters, Astrophysics - Cosmology and Nongalactic Astrophysics},
         year = 2020,
        month = sep,
       volume = {641},
          eid = {A6},
        pages = {A6},
          doi = {10.1051/0004-6361/201833910},
archivePrefix = {arXiv},
       eprint = {1807.06209},
 primaryClass = {astro-ph.CO},
       adsurl = {https://ui.adsabs.harvard.edu/abs/2020A&A...641A...6P},
      adsnote = {Provided by the SAO/NASA Astrophysics Data System}
}



@article{Percival_2002,
   title={Parameter constraints for flat cosmologies from cosmic microwave background and 2dFGRS power spectra},
   volume={337},
   ISSN={1365-2966},
   url={http://dx.doi.org/10.1046/j.1365-8711.2002.06001.x},
   DOI={10.1046/j.1365-8711.2002.06001.x},
   number={3},
   journal={Monthly Notices of the Royal Astronomical Society},
   publisher={Oxford University Press (OUP)},
   author={Percival, W. J. and Sutherland, W. and Peacock, J. A. and Baugh, C. M. and Bland-Hawthorn, J. and Bridges, T. and Cannon, R. and Cole, S. and Colless, M. and Collins, C. and Couch, W. and Dalton, G. and De Propris, R. and Driver, S. P. and Efstathiou, G. and Ellis, R. S. and Frenk, C. S. and Glazebrook, K. and Jackson, C. and Lahav, O. and Lewis, I. and Lumsden, S. and Maddox, S. and Moody, S. and Norberg, P. and Peterson, B. A. and Taylor, K.},
   year={2002},
   month=dec, pages={1068–1080} }

@ARTICLE{2022PhRvD.105b3514A,
       author = {{Amon}, A. and {Gruen}, D. and {Troxel}, M.~A. and {MacCrann}, N. and {Dodelson}, S. and {Choi}, A. and {Doux}, C. and {Secco}, L.~F. and {Samuroff}, S. and {Krause}, E. and {Cordero}, J. and {Myles}, J. and {DeRose}, J. and {Wechsler}, R.~H. and {Gatti}, M. and {Navarro-Alsina}, A. and {Bernstein}, G.~M. and {Jain}, B. and {Blazek}, J. and {Alarcon}, A. and {Fert{\'e}}, A. and {Lemos}, P. and {Raveri}, M. and {Campos}, A. and {Prat}, J. and {S{\'a}nchez}, C. and {Jarvis}, M. and {Alves}, O. and {Andrade-Oliveira}, F. and {Baxter}, E. and {Bechtol}, K. and {Becker}, M.~R. and {Bridle}, S.~L. and {Camacho}, H. and {Carnero Rosell}, A. and {Carrasco Kind}, M. and {Cawthon}, R. and {Chang}, C. and {Chen}, R. and {Chintalapati}, P. and {Crocce}, M. and {Davis}, C. and {Diehl}, H.~T. and {Drlica-Wagner}, A. and {Eckert}, K. and {Eifler}, T.~F. and {Elvin-Poole}, J. and {Everett}, S. and {Fang}, X. and {Fosalba}, P. and {Friedrich}, O. and {Gaztanaga}, E. and {Giannini}, G. and {Gruendl}, R.~A. and {Harrison}, I. and {Hartley}, W.~G. and {Herner}, K. and {Huang}, H. and {Huff}, E.~M. and {Huterer}, D. and {Kuropatkin}, N. and {Leget}, P. and {Liddle}, A.~R. and {McCullough}, J. and {Muir}, J. and {Pandey}, S. and {Park}, Y. and {Porredon}, A. and {Refregier}, A. and {Rollins}, R.~P. and {Roodman}, A. and {Rosenfeld}, R. and {Ross}, A.~J. and {Rykoff}, E.~S. and {Sanchez}, J. and {Sevilla-Noarbe}, I. and {Sheldon}, E. and {Shin}, T. and {Troja}, A. and {Tutusaus}, I. and {Tutusaus}, I. and {Varga}, T.~N. and {Weaverdyck}, N. and {Yanny}, B. and {Yin}, B. and {Zhang}, Y. and {Zuntz}, J. and {Aguena}, M. and {Allam}, S. and {Annis}, J. and {Bacon}, D. and {Bertin}, E. and {Bhargava}, S. and {Brooks}, D. and {Buckley-Geer}, E. and {Burke}, D.~L. and {Carretero}, J. and {Costanzi}, M. and {da Costa}, L.~N. and {Pereira}, M.~E.~S. and {De Vicente}, J. and {Desai}, S. and {Dietrich}, J.~P. and {Doel}, P. and {Ferrero}, I. and {Flaugher}, B. and {Frieman}, J. and {Garc{\'\i}a-Bellido}, J. and {Gaztanaga}, E. and {Gerdes}, D.~W. and {Giannantonio}, T. and {Gschwend}, J. and {Gutierrez}, G. and {Hinton}, S.~R. and {Hollowood}, D.~L. and {Honscheid}, K. and {Hoyle}, B. and {James}, D.~J. and {Kron}, R. and {Kuehn}, K. and {Lahav}, O. and {Lima}, M. and {Lin}, H. and {Maia}, M.~A.~G. and {Marshall}, J.~L. and {Martini}, P. and {Melchior}, P. and {Menanteau}, F. and {Miquel}, R. and {Mohr}, J.~J. and {Morgan}, R. and {Ogando}, R.~L.~C. and {Palmese}, A. and {Paz-Chinch{\'o}n}, F. and {Petravick}, D. and {Pieres}, A. and {Romer}, A.~K. and {Sanchez}, E. and {Scarpine}, V. and {Schubnell}, M. and {Serrano}, S. and {Smith}, M. and {Soares-Santos}, M. and {Tarle}, G. and {Thomas}, D. and {To}, C. and {Weller}, J. and {DES Collaboration}},
        title = "{Dark Energy Survey Year 3 results: Cosmology from cosmic shear and robustness to data calibration}",
      journal = {\prd},
     keywords = {Astrophysics - Cosmology and Nongalactic Astrophysics},
         year = 2022,
        month = jan,
       volume = {105},
       number = {2},
          eid = {023514},
        pages = {023514},
          doi = {10.1103/PhysRevD.105.023514},
archivePrefix = {arXiv},
       eprint = {2105.13543},
 primaryClass = {astro-ph.CO},
       adsurl = {https://ui.adsabs.harvard.edu/abs/2022PhRvD.105b3514A},
      adsnote = {Provided by the SAO/NASA Astrophysics Data System}
}

@ARTICLE{2021A&A...645A.104A,
       author = {{Asgari}, Marika and {Lin}, Chieh-An and {Joachimi}, Benjamin and {Giblin}, Benjamin and {Heymans}, Catherine and {Hildebrandt}, Hendrik and {Kannawadi}, Arun and {St{\"o}lzner}, Benjamin and {Tr{\"o}ster}, Tilman and {van den Busch}, Jan Luca and {Wright}, Angus H. and {Bilicki}, Maciej and {Blake}, Chris and {de Jong}, Jelte and {Dvornik}, Andrej and {Erben}, Thomas and {Getman}, Fedor and {Hoekstra}, Henk and {K{\"o}hlinger}, Fabian and {Kuijken}, Konrad and {Miller}, Lance and {Radovich}, Mario and {Schneider}, Peter and {Shan}, HuanYuan and {Valentijn}, Edwin},
        title = "{KiDS-1000 cosmology: Cosmic shear constraints and comparison between two point statistics}",
      journal = {\aap},
     keywords = {gravitational lensing: weak, methods: observational, cosmology: observations, large-scale structure of Universe, cosmological parameters, Astrophysics - Cosmology and Nongalactic Astrophysics},
         year = 2021,
        month = jan,
       volume = {645},
          eid = {A104},
        pages = {A104},
          doi = {10.1051/0004-6361/202039070},
archivePrefix = {arXiv},
       eprint = {2007.15633},
 primaryClass = {astro-ph.CO},
       adsurl = {https://ui.adsabs.harvard.edu/abs/2021A&A...645A.104A},
      adsnote = {Provided by the SAO/NASA Astrophysics Data System}
}


@article{Rosenberg_2022,
   title={CMB power spectra and cosmological parameters from Planck PR4 with CamSpec},
   volume={517},
   ISSN={1365-2966},
   url={http://dx.doi.org/10.1093/mnras/stac2744},
   DOI={10.1093/mnras/stac2744},
   number={3},
   journal={Monthly Notices of the Royal Astronomical Society},
   publisher={Oxford University Press (OUP)},
   author={Rosenberg, Erik and Gratton, Steven and Efstathiou, George},
   year={2022},
   month=sep, pages={4620–4636} }

@article{Pagano_2020,
   title={Reionization optical depth determination from Planck HFI data with ten percent accuracy},
   volume={635},
   ISSN={1432-0746},
   url={http://dx.doi.org/10.1051/0004-6361/201936630},
   DOI={10.1051/0004-6361/201936630},
   journal={Astronomy and; Astrophysics},
   publisher={EDP Sciences},
   author={Pagano, L. and Delouis, J.-M. and Mottet, S. and Puget, J.-L. and Vibert, L.},
   year={2020},
   month=mar, pages={A99} }

@article{Planck:2018vyg,
    author = "Aghanim, N. and others",
    collaboration = "Planck",
    title = "{Planck 2018 results. VI. Cosmological parameters}",
    eprint = "1807.06209",
    archivePrefix = "arXiv",
    primaryClass = "astro-ph.CO",
    doi = "10.1051/0004-6361/201833910",
    journal = "Astron. Astrophys.",
    volume = "641",
    pages = "A6",
    year = "2020",
    note = "[Erratum: Astron.Astrophys. 652, C4 (2021)]"
}

@ARTICLE{2020ApJ...901..153D,
       author = {{du Mas des Bourboux}, H{\'e}lion and {Rich}, James and {Font-Ribera}, Andreu and {de Sainte Agathe}, Victoria and {Farr}, James and {Etourneau}, Thomas and {Le Goff}, Jean-Marc and {Cuceu}, Andrei and {Balland}, Christophe and {Bautista}, Julian E. and {Blomqvist}, Michael and {Brinkmann}, Jonathan and {Brownstein}, Joel R. and {Chabanier}, Sol{\`e}ne and {Chaussidon}, Edmond and {Dawson}, Kyle and {Gonz{\'a}lez-Morales}, Alma X. and {Guy}, Julien and {Lyke}, Brad W. and {de la Macorra}, Axel and {Mueller}, Eva-Maria and {Myers}, Adam D. and {Nitschelm}, Christian and {Mu{\~n}oz Guti{\'e}rrez}, Andrea and {Palanque-Delabrouille}, Nathalie and {Parker}, James and {Percival}, Will J. and {P{\'e}rez-R{\`a}fols}, Ignasi and {Petitjean}, Patrick and {Pieri}, Matthew M. and {Ravoux}, Corentin and {Rossi}, Graziano and {Schneider}, Donald P. and {Seo}, Hee-Jong and {Slosar}, An{\v{z}}e and {Stermer}, Julianna and {Vivek}, M. and {Y{\`e}che}, Christophe and {Youles}, Samantha},
        title = "{The Completed SDSS-IV Extended Baryon Oscillation Spectroscopic Survey: Baryon Acoustic Oscillations with Ly{\ensuremath{\alpha}} Forests}",
      journal = {\apj},
     keywords = {Dark energy, Cosmology, Large-scale structure of the universe, Baryon acoustic oscillations, Ly{\ensuremath{\alpha}} forest, 351, 343, 902, 138, 980, Astrophysics - Cosmology and Nongalactic Astrophysics},
         year = 2020,
        month = oct,
       volume = {901},
       number = {2},
          eid = {153},
        pages = {153},
          doi = {10.3847/1538-4357/abb085},
archivePrefix = {arXiv},
       eprint = {2007.08995},
 primaryClass = {astro-ph.CO},
       adsurl = {https://ui.adsabs.harvard.edu/abs/2020ApJ...901..153D},
      adsnote = {Provided by the SAO/NASA Astrophysics Data System}
}

@ARTICLE{2016A+A...592A.121C,
       author = {{Comparat}, J. and {Delubac}, T. and {Jouvel}, S. and {Raichoor}, A. and {Kneib}, J. -P. and {Y{\`e}che}, C. and {Abdalla}, F.~B. and {Le Cras}, C. and {Maraston}, C. and {Wilkinson}, D.~M. and {Zhu}, G. and {Jullo}, E. and {Prada}, F. and {Schlegel}, D. and {Xu}, Z. and {Zou}, H. and {Bautista}, J. and {Bizyaev}, D. and {Bolton}, A. and {Brownstein}, J.~R. and {Dawson}, K.~S. and {Escoffier}, S. and {Gaulme}, P. and {Kinemuchi}, K. and {Malanushenko}, E. and {Malanushenko}, V. and {Mariappan}, V. and {Newman}, J.~A. and {Oravetz}, D. and {Pan}, K. and {Percival}, W.~J. and {Prakash}, A. and {Schneider}, D.~P. and {Simmons}, A. and {Abbott}, T.~M.~C. and {Allam}, S. and {Banerji}, M. and {Benoit-L{\'e}vy}, A. and {Bertin}, E. and {Brooks}, D. and {Capozzi}, D. and {Carnero Rosell}, A. and {Carrasco Kind}, M. and {Carretero}, J. and {Castander}, F.~J. and {Cunha}, C.~E. and {da Costa}, L.~N. and {Desai}, S. and {Doel}, P. and {Eifler}, T.~F. and {Estrada}, J. and {Flaugher}, B. and {Fosalba}, P. and {Frieman}, J. and {Gaztanaga}, E. and {Gerdes}, D.~W. and {Gruen}, D. and {Gruendl}, R.~A. and {Gutierrez}, G. and {Honscheid}, K. and {James}, D.~J. and {Kuehn}, K. and {Kuropatkin}, N. and {Lahav}, O. and {Lima}, M. and {Maia}, M.~A.~G. and {March}, M. and {Marshall}, J.~L. and {Miquel}, R. and {Plazas}, A.~A. and {Reil}, K. and {Roe}, N. and {Romer}, A.~K. and {Roodman}, A. and {Rykoff}, E.~S. and {Sako}, M. and {Sanchez}, E. and {Scarpine}, V. and {Sevilla-Noarbe}, I. and {Soares-Santos}, M. and {Sobreira}, F. and {Suchyta}, E. and {Swanson}, M.~E.~C. and {Tarle}, G. and {Thaler}, J. and {Thomas}, D. and {Walker}, A.~R. and {Zhang}, Y.},
        title = "{SDSS-IV eBOSS emission-line galaxy pilot survey}",
      journal = {\aap},
     keywords = {large-scale structure of Universe, galaxies: general, methods: observational, Astrophysics - Cosmology and Nongalactic Astrophysics, Astrophysics - Astrophysics of Galaxies},
         year = 2016,
        month = aug,
       volume = {592},
          eid = {A121},
        pages = {A121},
          doi = {10.1051/0004-6361/201527377},
archivePrefix = {arXiv},
       eprint = {1509.05045},
 primaryClass = {astro-ph.CO},
       adsurl = {https://ui.adsabs.harvard.edu/abs/2016A&A...592A.121C},
      adsnote = {Provided by the SAO/NASA Astrophysics Data System}
}




@ARTICLE{Kim2024,
       author = {{Kim}, Joshua and {Sailer}, Noah and {Madhavacheril}, Mathew S. and {Ferraro}, Simone and {Abril-Cabezas}, Irene and {Aguilar}, Jessica Nicole and {Ahlen}, Steven and {Bond}, J. Richard and {Brooks}, David and {Burtin}, Etienne and {Calabrese}, Erminia and {Chen}, Shi-Fan and {Choi}, Steve K. and {Claybaugh}, Todd and {Darwish}, Omar and {de la Macorra}, Axel and {DeRose}, Joseph and {Devlin}, Mark and {Dey}, Arjun and {Doel}, Peter and {Dunkley}, Jo and {Embil-Villagra}, Carmen and {Farren}, Gerrit S. and {Font-Ribera}, Andreu and {Forero-Romero}, Jaime E. and {Gazta{\~n}aga}, Enrique and {Gluscevic}, Vera and {Gontcho}, Satya Gontcho A and {Guy}, Julien and {Honscheid}, Klaus and {Howlett}, Cullan and {Kirkby}, David and {Kisner}, Theodore and {Kremin}, Anthony and {Landriau}, Martin and {Le Guillou}, Laurent and {Levi}, Michael E. and {MacCrann}, Niall and {Manera}, Marc and {Marques}, Gabriela A. and {Meisner}, Aaron and {Miquel}, Ramon and {Moodley}, Kavilan and {Moustakas}, John and {Newburgh}, Laura B. and {Newman}, Jeffrey A. and {Niz}, Gustavo and {Orlowski-Scherer}, John and {Palanque-Delabrouille}, Nathalie and {Percival}, Will J. and {Prada}, Francisco and {Qu}, Frank J. and {Rossi}, Graziano and {Sanchez}, Eusebio and {Schaan}, Emmanuel and {Schlafly}, Edward F. and {Schlegel}, David and {Schubnell}, Michael and {Sehgal}, Neelima and {Seo}, Hee-Jung and {Shaikh}, Shabbir and {Sherwin}, Blake D. and {Sif{\'o}n}, Crist{\'o}bal and {Sprayberry}, David and {Staggs}, Suzanne T. and {Tarl{\'e}}, Gregory and {van Engelen}, Alexander and {Weaver}, Benjamin Alan and {Wenzl}, Lukas and {White}, Martin and {Wollack}, Edward J. and {Y{\`e}che}, Christophe and {Zou}, Hu},
        title = "{The Atacama Cosmology Telescope DR6 and DESI: Structure formation over cosmic time with a measurement of the cross-correlation of CMB Lensing and Luminous Red Galaxies}",
      journal = {arXiv e-prints},
     keywords = {Astrophysics - Cosmology and Nongalactic Astrophysics},
         year = 2024,
        month = jul,
          eid = {arXiv:2407.04606},
        pages = {arXiv:2407.04606},
          doi = {10.48550/arXiv.2407.04606},
archivePrefix = {arXiv},
       eprint = {2407.04606},
 primaryClass = {astro-ph.CO},
       adsurl = {https://ui.adsabs.harvard.edu/abs/2024arXiv240704606K},
      adsnote = {Provided by the SAO/NASA Astrophysics Data System}
}

@ARTICLE{Sailer2024,
       author = {{Sailer}, Noah and {Kim}, Joshua and {Ferraro}, Simone and {Madhavacheril}, Mathew S. and {White}, Martin and {Abril-Cabezas}, Irene and {Aguilar}, Jessica Nicole and {Ahlen}, Steven and {Bond}, J. Richard and {Brooks}, David and {Burtin}, Etienne and {Calabrese}, Erminia and {Chen}, Shi-Fan and {Choi}, Steve K. and {Claybaugh}, Todd and {Dawson}, Kyle and {de la Macorra}, Axel and {DeRose}, Joseph and {Dey}, Arjun and {Dey}, Biprateep and {Doel}, Peter and {Dunkley}, Jo and {Embil-Villagra}, Carmen and {Farren}, Gerrit S. and {Font-Ribera}, Andreu and {Forero-Romero}, Jaime E. and {Gazta{\~n}aga}, Enrique and {Gluscevic}, Vera and {Gontcho}, Satya Gontcho A and {Honscheid}, Klaus and {Howlett}, Cullan and {Juneau}, Stephanie and {Kirkby}, David and {Kisner}, Theodore and {Kremin}, Anthony and {Landriau}, Martin and {Le Guillou}, Laurent and {Levi}, Michael and {Manera}, Marc and {Meisner}, Aaron and {Miquel}, Ramon and {Moodley}, Kavilan and {Moustakas}, John and {Niemack}, Michael D. and {Niz}, Gustavo and {Palanque-Delabrouille}, Nathalie and {Percival}, Will and {Prada}, Francisco and {Qu}, Frank J. and {Rossi}, Graziano and {Sanchez}, Eusebio and {Schaan}, Emmanuel and {Schlafly}, Edward and {Schlegel}, David and {Schubnell}, Michael and {Sehgal}, Neelima and {Seo}, Hee-Jong and {Sherwin}, Blake and {Sif{\'o}n}, Crist{\'o}bal and {Sprayberry}, David and {Staggs}, Suzanne T. and {Tarl{\'e}}, Gregory and {Weaver}, Benjamin Alan and {Y{\`e}che}, Christophe and {Zhou}, Rongpu and {Zou}, Hu},
        title = "{Cosmological constraints from the cross-correlation of DESI Luminous Red Galaxies with CMB lensing from Planck PR4 and ACT DR6}",
      journal = {arXiv e-prints},
     keywords = {Astrophysics - Cosmology and Nongalactic Astrophysics},
         year = 2024,
        month = jul,
          eid = {arXiv:2407.04607},
        pages = {arXiv:2407.04607},
          doi = {10.48550/arXiv.2407.04607},
archivePrefix = {arXiv},
       eprint = {2407.04607},
 primaryClass = {astro-ph.CO},
       adsurl = {https://ui.adsabs.harvard.edu/abs/2024arXiv240704607S},
      adsnote = {Provided by the SAO/NASA Astrophysics Data System}
}




@article{Abbott_2023,
   title={Joint analysis of Dark Energy Survey Year 3 data and CMB lensing from SPT and 
Planck
. III. Combined cosmological constraints},
   volume={107},
   ISSN={2470-0029},
   url={http://dx.doi.org/10.1103/PhysRevD.107.023531},
   DOI={10.1103/physrevd.107.023531},
   number={2},
   journal={Physical Review D},
   publisher={American Physical Society (APS)},
   author={Abbott, T. M. C. and Aguena, M. and Alarcon, A. and Alves, O. and Amon, A. and Andrade-Oliveira, F. and Annis, J. and Ansarinejad, B. and Avila, S. and Bacon, D. and Baxter, E. J. and Bechtol, K. and Becker, M. R. and Benson, B. A. and Bernstein, G. M. and Bertin, E. and Blazek, J. and Bleem, L. E. and Bocquet, S. and Brooks, D. and Buckley-Geer, E. and Burke, D. L. and Camacho, H. and Campos, A. and Carlstrom, J. E. and Carnero Rosell, A. and Carrasco Kind, M. and Carretero, J. and Cawthon, R. and Chang, C. and Chang, C. L. and Chen, R. and Choi, A. and Chown, R. and Conselice, C. and Cordero, J. and Costanzi, M. and Crawford, T. and Crites, A. T. and Crocce, M. and da Costa, L. N. and Davis, C. and Davis, T. M. and de Haan, T. and De Vicente, J. and DeRose, J. and Desai, S. and Diehl, H. T. and Dobbs, M. A. and Dodelson, S. and Doel, P. and Doux, C. and Drlica-Wagner, A. and Eckert, K. and Eifler, T. F. and Elsner, F. and Elvin-Poole, J. and Everett, S. and Everett, W. and Fang, X. and Ferrero, I. and Ferté, A. and Flaugher, B. and Fosalba, P. and Friedrich, O. and Frieman, J. and García-Bellido, J. and Gatti, M. and George, E. M. and Giannantonio, T. and Giannini, G. and Gruen, D. and Gruendl, R. A. and Gschwend, J. and Gutierrez, G. and Halverson, N. W. and Harrison, I. and Herner, K. and Hinton, S. R. and Holder, G. P. and Hollowood, D. L. and Holzapfel, W. L. and Honscheid, K. and Hrubes, J. D. and Huang, H. and Huff, E. M. and Huterer, D. and Jain, B. and James, D. J. and Jarvis, M. and Jeltema, T. and Kent, S. and Knox, L. and Kovacs, A. and Krause, E. and Kuehn, K. and Kuropatkin, N. and Lahav, O. and Lee, A. T. and Leget, P.-F. and Lemos, P. and Liddle, A. R. and Lidman, C. and Luong-Van, D. and McMahon, J. J. and MacCrann, N. and March, M. and Marshall, J. L. and Martini, P. and McCullough, J. and Melchior, P. and Menanteau, F. and Meyer, S. S. and Miquel, R. and Mocanu, L. and Mohr, J. J. and Morgan, R. and Muir, J. and Myles, J. and Natoli, T. and Navarro-Alsina, A. and Nichol, R. C. and Omori, Y. and Padin, S. and Pandey, S. and Park, Y. and Paz-Chinchón, F. and Pereira, M. E. S. and Pieres, A. and Plazas Malagón, A. A. and Porredon, A. and Prat, J. and Pryke, C. and Raveri, M. and Reichardt, C. L. and Rollins, R. P. and Romer, A. K. and Roodman, A. and Rosenfeld, R. and Ross, A. J. and Ruhl, J. E. and Rykoff, E. S. and Sánchez, C. and Sanchez, E. and Sanchez, J. and Schaffer, K. K. and Secco, L. F. and Sevilla-Noarbe, I. and Sheldon, E. and Shin, T. and Shirokoff, E. and Smith, M. and Staniszewski, Z. and Stark, A. A. and Suchyta, E. and Swanson, M. E. C. and Tarle, G. and To, C. and Troxel, M. A. and Tutusaus, I. and Varga, T. N. and Vieira, J. D. and Weaverdyck, N. and Wechsler, R. H. and Weller, J. and Williamson, R. and Wu, W. L. K. and Yanny, B. and Yin, B. and Zhang, Y. and Zuntz, J.},
   year={2023},
   month=jan }


@misc{xu2023constraining,
      title={Constraining Baryonic Physics with DES Y1 and Planck data -- Combining Galaxy Clustering, Weak Lensing, and CMB Lensing}, 
      author={Jiachuan Xu and Tim Eifler and Vivian Miranda and Xiao Fang and Evan Saraivanov and Elisabeth Krause and Hung-Jin Huang and Karim Benabed and Kunhao Zhong},
      year={2023},
      eprint={2311.08047},
      archivePrefix={arXiv},
      primaryClass={astro-ph.CO}
}

@misc{piccirilli2024growth,
      title={Growth history and quasar bias evolution at z < 3 from Quaia}, 
      author={G. Piccirilli and G. Fabbian and D. Alonso and K. Storey-Fisher and J. Carron and A. Lewis and C. García-García},
      year={2024},
      eprint={2402.05761},
      archivePrefix={arXiv},
      primaryClass={astro-ph.CO}
}

@article{ACT:2023skz,
    author = "Shaikh, S. and others",
    collaboration = "ACT, DES",
    title = "{Cosmology from cross-correlation of ACT-DR4 CMB lensing and DES-Y3 cosmic shear}",
    eprint = "2309.04412",
    archivePrefix = "arXiv",
    primaryClass = "astro-ph.CO",
    reportNumber = "FERMILAB-PUB-23-432-PPD",
    doi = "10.1093/mnras/stad3987",
    journal = "Mon. Not. Roy. Astron. Soc.",
    volume = "528",
    number = "2",
    pages = "2112--2135",
    year = "2024"
}


@ARTICLE{2005ApJ...622..759G,
       author = {{G{\'o}rski}, K.~M. and {Hivon}, E. and {Banday}, A.~J. and {Wandelt}, B.~D. and {Hansen}, F.~K. and {Reinecke}, M. and {Bartelmann}, M.},
        title = "{HEALPix: A Framework for High-Resolution Discretization and Fast Analysis of Data Distributed on the Sphere}",
      journal = {\apj},
     keywords = {Cosmology: Cosmic Microwave Background, Cosmology: Observations, Methods: Statistical, Astrophysics},
         year = 2005,
        month = apr,
       volume = {622},
       number = {2},
        pages = {759-771},
          doi = {10.1086/427976},
archivePrefix = {arXiv},
       eprint = {astro-ph/0409513},
 primaryClass = {astro-ph},
       adsurl = {https://ui.adsabs.harvard.edu/abs/2005ApJ...622..759G},
      adsnote = {Provided by the SAO/NASA Astrophysics Data System}
}

@article{PhysRevD.109.083540,
  title = {Constraining gravity with a new precision ${E}_{G}$ estimator using Planck $+$ SDSS BOSS data},
  author = {Wenzl, Lukas and Bean, Rachel and Chen, Shi-Fan and Farren, Gerrit S. and Madhavacheril, Mathew S. and Marques, Gabriela A. and Qu, Frank J. and Sehgal, Neelima and Sherwin, Blake D. and van Engelen, Alexander},
  journal = {Phys. Rev. D},
  volume = {109},
  issue = {8},
  pages = {083540},
  numpages = {36},
  year = {2024},
  month = {Apr},
  publisher = {American Physical Society},
  doi = {10.1103/PhysRevD.109.083540},
  url = {https://link.aps.org/doi/10.1103/PhysRevD.109.083540}
}

@article{Qu:2024lpx,
    author = "Qu, Frank J. and Surrao, Kristen M. and Bolliet, Boris and Hill, J. Colin and Sherwin, Blake D. and Jense, Hidde T.",
    title = "{Accelerated inference on accelerated cosmic expansion: New constraints on axion-like early dark energy with DESI BAO and ACT DR6 CMB lensing}",
    eprint = "2404.16805",
    archivePrefix = "arXiv",
    primaryClass = "astro-ph.CO",
    month = "4",
    year = "2024"
}


@article{Sailer:2021yzm,
    author = "Sailer, Noah and Castorina, Emanuele and Ferraro, Simone and White, Martin",
    title = "{Cosmology at high redshift \textemdash{} a probe of fundamental physics}",
    eprint = "2106.09713",
    archivePrefix = "arXiv",
    primaryClass = "astro-ph.CO",
    doi = "10.1088/1475-7516/2021/12/049",
    journal = "JCAP",
    volume = "12",
    number = "12",
    pages = "049",
    year = "2021"
}

@ARTICLE{2021A+A...646A.140H,
       author = {{Heymans}, Catherine and {Tr{\"o}ster}, Tilman and {Asgari}, Marika and {Blake}, Chris and {Hildebrandt}, Hendrik and {Joachimi}, Benjamin and {Kuijken}, Konrad and {Lin}, Chieh-An and {S{\'a}nchez}, Ariel G. and {van den Busch}, Jan Luca and {Wright}, Angus H. and {Amon}, Alexandra and {Bilicki}, Maciej and {de Jong}, Jelte and {Crocce}, Martin and {Dvornik}, Andrej and {Erben}, Thomas and {Fortuna}, Maria Cristina and {Getman}, Fedor and {Giblin}, Benjamin and {Glazebrook}, Karl and {Hoekstra}, Henk and {Joudaki}, Shahab and {Kannawadi}, Arun and {K{\"o}hlinger}, Fabian and {Lidman}, Chris and {Miller}, Lance and {Napolitano}, Nicola R. and {Parkinson}, David and {Schneider}, Peter and {Shan}, HuanYuan and {Valentijn}, Edwin A. and {Verdoes Kleijn}, Gijs and {Wolf}, Christian},
        title = "{KiDS-1000 Cosmology: Multi-probe weak gravitational lensing and spectroscopic galaxy clustering constraints}",
      journal = {\aap},
     keywords = {gravitational lensing: weak, methods: data analysis, methods: statistical, surveys, Astrophysics - Cosmology and Nongalactic Astrophysics},
         year = 2021,
        month = feb,
       volume = {646},
          eid = {A140},
        pages = {A140},
          doi = {10.1051/0004-6361/202039063},
archivePrefix = {arXiv},
       eprint = {2007.15632},
 primaryClass = {astro-ph.CO},
       adsurl = {https://ui.adsabs.harvard.edu/abs/2021A&A...646A.140H},
      adsnote = {Provided by the SAO/NASA Astrophysics Data System}
}

@ARTICLE{DES:2021wwk,
       author = {{Abbott}, T.~M.~C. and {Aguena}, M. and {Alarcon}, A. and {Allam}, S. and {Alves}, O. and {Amon}, A. and {Andrade-Oliveira}, F. and {Annis}, J. and {Avila}, S. and {Bacon}, D. and {Baxter}, E. and {Bechtol}, K. and {Becker}, M.~R. and {Bernstein}, G.~M. and {Bhargava}, S. and {Birrer}, S. and {Blazek}, J. and {Brandao-Souza}, A. and {Bridle}, S.~L. and {Brooks}, D. and {Buckley-Geer}, E. and {Burke}, D.~L. and {Camacho}, H. and {Campos}, A. and {Carnero Rosell}, A. and {Carrasco Kind}, M. and {Carretero}, J. and {Castander}, F.~J. and {Cawthon}, R. and {Chang}, C. and {Chen}, A. and {Chen}, R. and {Choi}, A. and {Conselice}, C. and {Cordero}, J. and {Costanzi}, M. and {Crocce}, M. and {da Costa}, L.~N. and {da Silva Pereira}, M.~E. and {Davis}, C. and {Davis}, T.~M. and {De Vicente}, J. and {DeRose}, J. and {Desai}, S. and {Di Valentino}, E. and {Diehl}, H.~T. and {Dietrich}, J.~P. and {Dodelson}, S. and {Doel}, P. and {Doux}, C. and {Drlica-Wagner}, A. and {Eckert}, K. and {Eifler}, T.~F. and {Elsner}, F. and {Elvin-Poole}, J. and {Everett}, S. and {Evrard}, A.~E. and {Fang}, X. and {Farahi}, A. and {Fernandez}, E. and {Ferrero}, I. and {Fert{\'e}}, A. and {Fosalba}, P. and {Friedrich}, O. and {Frieman}, J. and {Garc{\'\i}a-Bellido}, J. and {Gatti}, M. and {Gaztanaga}, E. and {Gerdes}, D.~W. and {Giannantonio}, T. and {Giannini}, G. and {Gruen}, D. and {Gruendl}, R.~A. and {Gschwend}, J. and {Gutierrez}, G. and {Harrison}, I. and {Hartley}, W.~G. and {Herner}, K. and {Hinton}, S.~R. and {Hollowood}, D.~L. and {Honscheid}, K. and {Hoyle}, B. and {Huff}, E.~M. and {Huterer}, D. and {Jain}, B. and {James}, D.~J. and {Jarvis}, M. and {Jeffrey}, N. and {Jeltema}, T. and {Kovacs}, A. and {Krause}, E. and {Kron}, R. and {Kuehn}, K. and {Kuropatkin}, N. and {Lahav}, O. and {Leget}, P. -F. and {Lemos}, P. and {Liddle}, A.~R. and {Lidman}, C. and {Lima}, M. and {Lin}, H. and {MacCrann}, N. and {Maia}, M.~A.~G. and {Marshall}, J.~L. and {Martini}, P. and {McCullough}, J. and {Melchior}, P. and {Mena-Fern{\'a}ndez}, J. and {Menanteau}, F. and {Miquel}, R. and {Mohr}, J.~J. and {Morgan}, R. and {Muir}, J. and {Myles}, J. and {Nadathur}, S. and {Navarro-Alsina}, A. and {Nichol}, R.~C. and {Ogando}, R.~L.~C. and {Omori}, Y. and {Palmese}, A. and {Pandey}, S. and {Park}, Y. and {Paz-Chinch{\'o}n}, F. and {Petravick}, D. and {Pieres}, A. and {Plazas Malag{\'o}n}, A.~A. and {Porredon}, A. and {Prat}, J. and {Raveri}, M. and {Rodriguez-Monroy}, M. and {Rollins}, R.~P. and {Romer}, A.~K. and {Roodman}, A. and {Rosenfeld}, R. and {Ross}, A.~J. and {Rykoff}, E.~S. and {Samuroff}, S. and {S{\'a}nchez}, C. and {Sanchez}, E. and {Sanchez}, J. and {Sanchez Cid}, D. and {Scarpine}, V. and {Schubnell}, M. and {Scolnic}, D. and {Secco}, L.~F. and {Serrano}, S. and {Sevilla-Noarbe}, I. and {Sheldon}, E. and {Shin}, T. and {Smith}, M. and {Soares-Santos}, M. and {Suchyta}, E. and {Swanson}, M.~E.~C. and {Tabbutt}, M. and {Tarle}, G. and {Thomas}, D. and {To}, C. and {Troja}, A. and {Troxel}, M.~A. and {Tucker}, D.~L. and {Tutusaus}, I. and {Varga}, T.~N. and {Walker}, A.~R. and {Weaverdyck}, N. and {Wechsler}, R. and {Weller}, J. and {Yanny}, B. and {Yin}, B. and {Zhang}, Y. and {Zuntz}, J. and {DES Collaboration}},
        title = "{Dark Energy Survey Year 3 results: Cosmological constraints from galaxy clustering and weak lensing}",
      journal = {\prd},
     keywords = {Astrophysics - Cosmology and Nongalactic Astrophysics},
         year = 2022,
        month = jan,
       volume = {105},
       number = {2},
          eid = {023520},
        pages = {023520},
          doi = {10.1103/PhysRevD.105.023520},
archivePrefix = {arXiv},
       eprint = {2105.13549},
 primaryClass = {astro-ph.CO},
       adsurl = {https://ui.adsabs.harvard.edu/abs/2022PhRvD.105b3520A},
      adsnote = {Provided by the SAO/NASA Astrophysics Data System}
}


@ARTICLE{2022PhRvD.105b3520A,
       author = {{Abbott}, T.~M.~C. and {Aguena}, M. and {Alarcon}, A. and {Allam}, S. and {Alves}, O. and {Amon}, A. and {Andrade-Oliveira}, F. and {Annis}, J. and {Avila}, S. and {Bacon}, D. and {Baxter}, E. and {Bechtol}, K. and {Becker}, M.~R. and {Bernstein}, G.~M. and {Bhargava}, S. and {Birrer}, S. and {Blazek}, J. and {Brandao-Souza}, A. and {Bridle}, S.~L. and {Brooks}, D. and {Buckley-Geer}, E. and {Burke}, D.~L. and {Camacho}, H. and {Campos}, A. and {Carnero Rosell}, A. and {Carrasco Kind}, M. and {Carretero}, J. and {Castander}, F.~J. and {Cawthon}, R. and {Chang}, C. and {Chen}, A. and {Chen}, R. and {Choi}, A. and {Conselice}, C. and {Cordero}, J. and {Costanzi}, M. and {Crocce}, M. and {da Costa}, L.~N. and {da Silva Pereira}, M.~E. and {Davis}, C. and {Davis}, T.~M. and {De Vicente}, J. and {DeRose}, J. and {Desai}, S. and {Di Valentino}, E. and {Diehl}, H.~T. and {Dietrich}, J.~P. and {Dodelson}, S. and {Doel}, P. and {Doux}, C. and {Drlica-Wagner}, A. and {Eckert}, K. and {Eifler}, T.~F. and {Elsner}, F. and {Elvin-Poole}, J. and {Everett}, S. and {Evrard}, A.~E. and {Fang}, X. and {Farahi}, A. and {Fernandez}, E. and {Ferrero}, I. and {Fert{\'e}}, A. and {Fosalba}, P. and {Friedrich}, O. and {Frieman}, J. and {Garc{\'\i}a-Bellido}, J. and {Gatti}, M. and {Gaztanaga}, E. and {Gerdes}, D.~W. and {Giannantonio}, T. and {Giannini}, G. and {Gruen}, D. and {Gruendl}, R.~A. and {Gschwend}, J. and {Gutierrez}, G. and {Harrison}, I. and {Hartley}, W.~G. and {Herner}, K. and {Hinton}, S.~R. and {Hollowood}, D.~L. and {Honscheid}, K. and {Hoyle}, B. and {Huff}, E.~M. and {Huterer}, D. and {Jain}, B. and {James}, D.~J. and {Jarvis}, M. and {Jeffrey}, N. and {Jeltema}, T. and {Kovacs}, A. and {Krause}, E. and {Kron}, R. and {Kuehn}, K. and {Kuropatkin}, N. and {Lahav}, O. and {Leget}, P. -F. and {Lemos}, P. and {Liddle}, A.~R. and {Lidman}, C. and {Lima}, M. and {Lin}, H. and {MacCrann}, N. and {Maia}, M.~A.~G. and {Marshall}, J.~L. and {Martini}, P. and {McCullough}, J. and {Melchior}, P. and {Mena-Fern{\'a}ndez}, J. and {Menanteau}, F. and {Miquel}, R. and {Mohr}, J.~J. and {Morgan}, R. and {Muir}, J. and {Myles}, J. and {Nadathur}, S. and {Navarro-Alsina}, A. and {Nichol}, R.~C. and {Ogando}, R.~L.~C. and {Omori}, Y. and {Palmese}, A. and {Pandey}, S. and {Park}, Y. and {Paz-Chinch{\'o}n}, F. and {Petravick}, D. and {Pieres}, A. and {Plazas Malag{\'o}n}, A.~A. and {Porredon}, A. and {Prat}, J. and {Raveri}, M. and {Rodriguez-Monroy}, M. and {Rollins}, R.~P. and {Romer}, A.~K. and {Roodman}, A. and {Rosenfeld}, R. and {Ross}, A.~J. and {Rykoff}, E.~S. and {Samuroff}, S. and {S{\'a}nchez}, C. and {Sanchez}, E. and {Sanchez}, J. and {Sanchez Cid}, D. and {Scarpine}, V. and {Schubnell}, M. and {Scolnic}, D. and {Secco}, L.~F. and {Serrano}, S. and {Sevilla-Noarbe}, I. and {Sheldon}, E. and {Shin}, T. and {Smith}, M. and {Soares-Santos}, M. and {Suchyta}, E. and {Swanson}, M.~E.~C. and {Tabbutt}, M. and {Tarle}, G. and {Thomas}, D. and {To}, C. and {Troja}, A. and {Troxel}, M.~A. and {Tucker}, D.~L. and {Tutusaus}, I. and {Varga}, T.~N. and {Walker}, A.~R. and {Weaverdyck}, N. and {Wechsler}, R. and {Weller}, J. and {Yanny}, B. and {Yin}, B. and {Zhang}, Y. and {Zuntz}, J. and {DES Collaboration}},
        title = "{Dark Energy Survey Year 3 results: Cosmological constraints from galaxy clustering and weak lensing}",
      journal = {\prd},
     keywords = {Astrophysics - Cosmology and Nongalactic Astrophysics},
         year = 2022,
        month = jan,
       volume = {105},
       number = {2},
          eid = {023520},
        pages = {023520},
          doi = {10.1103/PhysRevD.105.023520},
archivePrefix = {arXiv},
       eprint = {2105.13549},
 primaryClass = {astro-ph.CO},
       adsurl = {https://ui.adsabs.harvard.edu/abs/2022PhRvD.105b3520A},
      adsnote = {Provided by the SAO/NASA Astrophysics Data System}
}



@ARTICLE{2023PhRvD.108l3521S,
       author = {{Sugiyama}, Sunao and {Miyatake}, Hironao and {More}, Surhud and {Li}, Xiangchong and {Shirasaki}, Masato and {Takada}, Masahiro and {Kobayashi}, Yosuke and {Takahashi}, Ryuichi and {Nishimichi}, Takahiro and {Nishizawa}, Atsushi J. and {Rau}, Markus M. and {Zhang}, Tianqing and {Dalal}, Roohi and {Mandelbaum}, Rachel and {Strauss}, Michael A. and {Hamana}, Takashi and {Oguri}, Masamune and {Osato}, Ken and {Kannawadi}, Arun and {Hsieh}, Bau-Ching and {Luo}, Wentao and {Armstrong}, Robert and {Bosch}, James and {Komiyama}, Yutaka and {Lupton}, Robert H. and {Lust}, Nate B. and {Miyazaki}, Satoshi and {Murayama}, Hitoshi and {Okura}, Yuki and {Price}, Paul A. and {Tait}, Philip J. and {Tanaka}, Masayuki and {Wang}, Shiang-Yu},
        title = "{Hyper Suprime-Cam Year 3 results: Cosmology from galaxy clustering and weak lensing with HSC and SDSS using the minimal bias model}",
      journal = {\prd},
     keywords = {Astrophysics - Cosmology and Nongalactic Astrophysics},
         year = 2023,
        month = dec,
       volume = {108},
       number = {12},
          eid = {123521},
        pages = {123521},
          doi = {10.1103/PhysRevD.108.123521},
archivePrefix = {arXiv},
       eprint = {2304.00705},
 primaryClass = {astro-ph.CO},
       adsurl = {https://ui.adsabs.harvard.edu/abs/2023PhRvD.108l3521S},
      adsnote = {Provided by the SAO/NASA Astrophysics Data System}
}

@ARTICLE{2023PhRvD.108l3520M,
       author = {{More}, Surhud and {Sugiyama}, Sunao and {Miyatake}, Hironao and {Rau}, Markus Michael and {Shirasaki}, Masato and {Li}, Xiangchong and {Nishizawa}, Atsushi J. and {Osato}, Ken and {Zhang}, Tianqing and {Takada}, Masahiro and {Hamana}, Takashi and {Takahashi}, Ryuichi and {Dalal}, Roohi and {Mandelbaum}, Rachel and {Strauss}, Michael A. and {Kobayashi}, Yosuke and {Nishimichi}, Takahiro and {Oguri}, Masamune and {Luo}, Wentao and {Kannawadi}, Arun and {Hsieh}, Bau-Ching and {Armstrong}, Robert and {Bosch}, James and {Komiyama}, Yutaka and {Lupton}, Robert H. and {Lust}, Nate B. and {MacArthur}, Lauren A. and {Miyazaki}, Satoshi and {Murayama}, Hitoshi and {Okura}, Yuki and {Price}, Paul A. and {Tait}, Philip J. and {Tanaka}, Masayuki and {Wang}, Shiang-Yu},
        title = "{Hyper Suprime-Cam Year 3 results: Measurements of clustering of SDSS-BOSS galaxies, galaxy-galaxy lensing, and cosmic shear}",
      journal = {\prd},
     keywords = {Astrophysics - Cosmology and Nongalactic Astrophysics},
         year = 2023,
        month = dec,
       volume = {108},
       number = {12},
          eid = {123520},
        pages = {123520},
          doi = {10.1103/PhysRevD.108.123520},
archivePrefix = {arXiv},
       eprint = {2304.00703},
 primaryClass = {astro-ph.CO},
       adsurl = {https://ui.adsabs.harvard.edu/abs/2023PhRvD.108l3520M},
      adsnote = {Provided by the SAO/NASA Astrophysics Data System}
}

@ARTICLE{2023PhRvD.108l3519D,
       author = {{Dalal}, Roohi and {Li}, Xiangchong and {Nicola}, Andrina and {Zuntz}, Joe and {Strauss}, Michael A. and {Sugiyama}, Sunao and {Zhang}, Tianqing and {Rau}, Markus M. and {Mandelbaum}, Rachel and {Takada}, Masahiro and {More}, Surhud and {Miyatake}, Hironao and {Kannawadi}, Arun and {Shirasaki}, Masato and {Taniguchi}, Takanori and {Takahashi}, Ryuichi and {Osato}, Ken and {Hamana}, Takashi and {Oguri}, Masamune and {Nishizawa}, Atsushi J. and {Malag{\'o}n}, Andr{\'e}s A. Plazas and {Sunayama}, Tomomi and {Alonso}, David and {Slosar}, An{\v{z}}e and {Luo}, Wentao and {Armstrong}, Robert and {Bosch}, James and {Hsieh}, Bau-Ching and {Komiyama}, Yutaka and {Lupton}, Robert H. and {Lust}, Nate B. and {MacArthur}, Lauren A. and {Miyazaki}, Satoshi and {Murayama}, Hitoshi and {Nishimichi}, Takahiro and {Okura}, Yuki and {Price}, Paul A. and {Tait}, Philip J. and {Tanaka}, Masayuki and {Wang}, Shiang-Yu},
        title = "{Hyper Suprime-Cam Year 3 results: Cosmology from cosmic shear power spectra}",
      journal = {\prd},
     keywords = {Astrophysics - Cosmology and Nongalactic Astrophysics},
         year = 2023,
        month = dec,
       volume = {108},
       number = {12},
          eid = {123519},
        pages = {123519},
          doi = {10.1103/PhysRevD.108.123519},
archivePrefix = {arXiv},
       eprint = {2304.00701},
 primaryClass = {astro-ph.CO},
       adsurl = {https://ui.adsabs.harvard.edu/abs/2023PhRvD.108l3519D},
      adsnote = {Provided by the SAO/NASA Astrophysics Data System}
}

@ARTICLE{2023PhRvD.108l3518L,
       author = {{Li}, Xiangchong and {Zhang}, Tianqing and {Sugiyama}, Sunao and {Dalal}, Roohi and {Terasawa}, Ryo and {Rau}, Markus M. and {Mandelbaum}, Rachel and {Takada}, Masahiro and {More}, Surhud and {Strauss}, Michael A. and {Miyatake}, Hironao and {Shirasaki}, Masato and {Hamana}, Takashi and {Oguri}, Masamune and {Luo}, Wentao and {Nishizawa}, Atsushi J. and {Takahashi}, Ryuichi and {Nicola}, Andrina and {Osato}, Ken and {Kannawadi}, Arun and {Sunayama}, Tomomi and {Armstrong}, Robert and {Bosch}, James and {Komiyama}, Yutaka and {Lupton}, Robert H. and {Lust}, Nate B. and {MacArthur}, Lauren A. and {Miyazaki}, Satoshi and {Murayama}, Hitoshi and {Nishimichi}, Takahiro and {Okura}, Yuki and {Price}, Paul A. and {Tait}, Philip J. and {Tanaka}, Masayuki and {Wang}, Shiang-Yu},
        title = "{Hyper Suprime-Cam Year 3 results: Cosmology from cosmic shear two-point correlation functions}",
      journal = {\prd},
     keywords = {Astrophysics - Cosmology and Nongalactic Astrophysics},
         year = 2023,
        month = dec,
       volume = {108},
       number = {12},
          eid = {123518},
        pages = {123518},
          doi = {10.1103/PhysRevD.108.123518},
archivePrefix = {arXiv},
       eprint = {2304.00702},
 primaryClass = {astro-ph.CO},
       adsurl = {https://ui.adsabs.harvard.edu/abs/2023PhRvD.108l3518L},
      adsnote = {Provided by the SAO/NASA Astrophysics Data System}
}


@ARTICLE{2024JCAP...01..033M,
       author = {{Marques}, G.~A. and {Madhavacheril}, M.~S. and {Darwish}, O. and {Shaikh}, S. and {Aguena}, M. and {Alves}, O. and {Avila}, S. and {Bacon}, D. and {Baxter}, E.~J. and {Bechtol}, K. and {Becker}, M.~R. and {Bertin}, E. and {Blazek}, J. and {Richard Bond}, J. and {Brooks}, D. and {Cai}, H. and {Calabrese}, E. and {Carnero Rosell}, A. and {Carrasco Kind}, M. and {Carretero}, J. and {Cawthon}, R. and {Crocce}, M. and {da Costa}, L.~N. and {Pereira}, M.~E.~S. and {De Vicente}, J. and {Desai}, S. and {Diehl}, H.~T. and {Doel}, P. and {Doux}, C. and {Drlica-Wagner}, A. and {Dunkley}, J. and {Elvin-Poole}, J. and {Everett}, S. and {Ferraro}, S. and {Ferrero}, I. and {Flaugher}, B. and {Fosalba}, P. and {Garc{\'\i}a-Bellido}, J. and {Gatti}, M. and {Giannini}, G. and {Gluscevic}, V. and {Gruen}, D. and {Gruendl}, R.~A. and {Gutierrez}, G. and {Harrison}, I. and {Hill}, J. Colin and {Hinton}, S.~R. and {Hollowood}, D.~L. and {Honscheid}, K. and {Huterer}, D. and {Jeffrey}, N. and {Kim}, J. and {Kuehn}, K. and {Lahav}, O. and {Lemos}, P. and {Lima}, M. and {Huffenberger}, K.~M. and {MacCrann}, N. and {Marshall}, J.~L. and {Mena-Fern{\'a}ndez}, J. and {Miquel}, R. and {Mohr}, J.~J. and {Moodley}, K. and {Muir}, J. and {Naess}, S. and {Nati}, F. and {Page}, L.~A. and {Palmese}, A. and {Plazas Malag{\'o}n}, A.~A. and {Porredon}, A. and {Prat}, J. and {Qu}, F.~J. and {Raveri}, M. and {Ross}, A.~J. and {Rykoff}, E.~S. and {Farren}, G.~S. and {Samuroff}, S. and {Sanchez}, E. and {Schubnell}, M. and {Sehgal}, N. and {Sevilla-Noarbe}, I. and {Sheldon}, E. and {Sherwin}, B.~D. and {Sif{\'o}n}, C. and {Smith}, M. and {Spergel}, D.~N. and {Staggs}, S.~T. and {Suchyta}, E. and {Tarle}, G. and {To}, C. and {Van Engelen}, A. and {Weaverdyck}, N. and {Weller}, J. and {Wenzl}, L. and {Wiseman}, P. and {Wollack}, E.~J. and {Yanny}, B. and {ACT Collaboration} and {DES Collaboration}},
        title = "{Cosmological constraints from the tomography of DES-Y3 galaxies with CMB lensing from ACT DR4}",
      journal = {\jcap},
     keywords = {cosmological parameters from CMBR, cosmological parameters from LSS, power spectrum, weak gravitational lensing, Astrophysics - Cosmology and Nongalactic Astrophysics},
         year = 2024,
        month = jan,
       volume = {2024},
       number = {1},
          eid = {033},
        pages = {033},
          doi = {10.1088/1475-7516/2024/01/033},
archivePrefix = {arXiv},
       eprint = {2306.17268},
 primaryClass = {astro-ph.CO},
       adsurl = {https://ui.adsabs.harvard.edu/abs/2024JCAP...01..033M},
      adsnote = {Provided by the SAO/NASA Astrophysics Data System}
}


@article{Robertson_2021,
   title={Strong detection of the CMB lensing and galaxy weak lensing cross-correlation from ACT-DR4,PlanckLegacy, and KiDS-1000},
   volume={649},
   ISSN={1432-0746},
   url={http://dx.doi.org/10.1051/0004-6361/202039975},
   DOI={10.1051/0004-6361/202039975},
   journal={Astronomy and Astrophysics},
   publisher={EDP Sciences},
   author={Robertson, Naomi Clare and Alonso, David and Harnois-Déraps, Joachim and Darwish, Omar and Kannawadi, Arun and Amon, Alexandra and Asgari, Marika and Bilicki, Maciej and Calabrese, Erminia and Choi, Steve K. and Devlin, Mark J. and Dunkley, Jo and Dvornik, Andrej and Erben, Thomas and Ferraro, Simone and Fortuna, Maria Cristina and Giblin, Benjamin and Han, Dongwon and Heymans, Catherine and Hildebrandt, Hendrik and Hill, J. Colin and Hilton, Matt and Ho, Shuay-Pwu P. and Hoekstra, Henk and Hubmayr, Johannes and Hughes, John P. and Joachimi, Benjamin and Joudaki, Shahab and Knowles, Kenda and Kuijken, Konrad and Madhavacheril, Mathew S. and Moodley, Kavilan and Miller, Lance and Namikawa, Toshiya and Nati, Federico and Niemack, Michael D. and Page, Lyman A. and Partridge, Bruce and Schaan, Emmanuel and Schillaci, Alessandro and Schneider, Peter and Sehgal, Neelima and Sherwin, Blake D. and Sifón, Cristóbal and Staggs, Suzanne T. and Tröster, Tilman and van Engelen, Alexander and Valentijn, Edwin and Wollack, Edward J. and Wright, Angus H. and Xu, Zhilei},
   year={2021},
   month=may, pages={A146} }

@ARTICLE{2023PhRvD.107b3530C,
       author = {{Chang}, C. and {Omori}, Y. and {Baxter}, E.~J. and {Doux}, C. and {Choi}, A. and {Pandey}, S. and {Alarcon}, A. and {Alves}, O. and {Amon}, A. and {Andrade-Oliveira}, F. and {Bechtol}, K. and {Becker}, M.~R. and {Bernstein}, G.~M. and {Bianchini}, F. and {Blazek}, J. and {Bleem}, L.~E. and {Camacho}, H. and {Campos}, A. and {Carnero Rosell}, A. and {Carrasco Kind}, M. and {Cawthon}, R. and {Chen}, R. and {Cordero}, J. and {Crawford}, T.~M. and {Crocce}, M. and {Davis}, C. and {DeRose}, J. and {Dodelson}, S. and {Drlica-Wagner}, A. and {Eckert}, K. and {Eifler}, T.~F. and {Elsner}, F. and {Elvin-Poole}, J. and {Everett}, S. and {Fang}, X. and {Fert{\'e}}, A. and {Fosalba}, P. and {Friedrich}, O. and {Gatti}, M. and {Giannini}, G. and {Gruen}, D. and {Gruendl}, R.~A. and {Harrison}, I. and {Herner}, K. and {Huang}, H. and {Huff}, E.~M. and {Huterer}, D. and {Jarvis}, M. and {Kovacs}, A. and {Krause}, E. and {Kuropatkin}, N. and {Leget}, P. -F. and {Lemos}, P. and {Liddle}, A.~R. and {MacCrann}, N. and {McCullough}, J. and {Muir}, J. and {Myles}, J. and {Navarro-Alsina}, A. and {Park}, Y. and {Porredon}, A. and {Prat}, J. and {Raveri}, M. and {Rollins}, R.~P. and {Roodman}, A. and {Rosenfeld}, R. and {Ross}, A.~J. and {Rykoff}, E.~S. and {S{\'a}nchez}, C. and {Sanchez}, J. and {Secco}, L.~F. and {Sevilla-Noarbe}, I. and {Sheldon}, E. and {Shin}, T. and {Troxel}, M.~A. and {Tutusaus}, I. and {Varga}, T.~N. and {Weaverdyck}, N. and {Wechsler}, R.~H. and {Wu}, W.~L.~K. and {Yanny}, B. and {Yin}, B. and {Zhang}, Y. and {Zuntz}, J. and {Abbott}, T.~M.~C. and {Aguena}, M. and {Allam}, S. and {Annis}, J. and {Bacon}, D. and {Benson}, B.~A. and {Bertin}, E. and {Bocquet}, S. and {Brooks}, D. and {Burke}, D.~L. and {Carlstrom}, J.~E. and {Carretero}, J. and {Chang}, C.~L. and {Chown}, R. and {Costanzi}, M. and {da Costa}, L.~N. and {Crites}, A.~T. and {Pereira}, M.~E.~S. and {de Haan}, T. and {De Vicente}, J. and {Desai}, S. and {Diehl}, H.~T. and {Dobbs}, M.~A. and {Doel}, P. and {Everett}, W. and {Ferrero}, I. and {Flaugher}, B. and {Friedel}, D. and {Frieman}, J. and {Garc{\'\i}a-Bellido}, J. and {Gaztanaga}, E. and {George}, E.~M. and {Giannantonio}, T. and {Halverson}, N.~W. and {Hinton}, S.~R. and {Holder}, G.~P. and {Hollowood}, D.~L. and {Holzapfel}, W.~L. and {Honscheid}, K. and {Hrubes}, J.~D. and {James}, D.~J. and {Knox}, L. and {Kuehn}, K. and {Lahav}, O. and {Lee}, A.~T. and {Lima}, M. and {Luong-Van}, D. and {March}, M. and {McMahon}, J.~J. and {Melchior}, P. and {Menanteau}, F. and {Meyer}, S.~S. and {Miquel}, R. and {Mocanu}, L. and {Mohr}, J.~J. and {Morgan}, R. and {Natoli}, T. and {Padin}, S. and {Palmese}, A. and {Paz-Chinch{\'o}n}, F. and {Pieres}, A. and {Plazas Malag{\'o}n}, A.~A. and {Pryke}, C. and {Reichardt}, C.~L. and {Rodr{\'\i}guez-Monroy}, M. and {Romer}, A.~K. and {Ruhl}, J.~E. and {Sanchez}, E. and {Schaffer}, K.~K. and {Schubnell}, M. and {Serrano}, S. and {Shirokoff}, E. and {Smith}, M. and {Staniszewski}, Z. and {Stark}, A.~A. and {Suchyta}, E. and {Tarle}, G. and {Thomas}, D. and {To}, C. and {Vieira}, J.~D. and {Weller}, J. and {Williamson}, R. and {DES} and {SPT Collaborations}},
        title = "{Joint analysis of Dark Energy Survey Year 3 data and CMB lensing from SPT and P l a n c k . II. Cross-correlation measurements and cosmological constraints}",
      journal = {\prd},
     keywords = {Astrophysics - Cosmology and Nongalactic Astrophysics},
         year = 2023,
        month = jan,
       volume = {107},
       number = {2},
          eid = {023530},
        pages = {023530},
          doi = {10.1103/PhysRevD.107.023530},
archivePrefix = {arXiv},
       eprint = {2203.12440},
 primaryClass = {astro-ph.CO},
       adsurl = {https://ui.adsabs.harvard.edu/abs/2023PhRvD.107b3530C},
      adsnote = {Provided by the SAO/NASA Astrophysics Data System}
}

@ARTICLE{2023PhRvD.107b3531A,
       author = {{Abbott}, T.~M.~C. and {Aguena}, M. and {Alarcon}, A. and {Alves}, O. and {Amon}, A. and {Andrade-Oliveira}, F. and {Annis}, J. and {Ansarinejad}, B. and {Avila}, S. and {Bacon}, D. and {Baxter}, E.~J. and {Bechtol}, K. and {Becker}, M.~R. and {Benson}, B.~A. and {Bernstein}, G.~M. and {Bertin}, E. and {Blazek}, J. and {Bleem}, L.~E. and {Bocquet}, S. and {Brooks}, D. and {Buckley-Geer}, E. and {Burke}, D.~L. and {Camacho}, H. and {Campos}, A. and {Carlstrom}, J.~E. and {Carnero Rosell}, A. and {Carrasco Kind}, M. and {Carretero}, J. and {Cawthon}, R. and {Chang}, C. and {Chang}, C.~L. and {Chen}, R. and {Choi}, A. and {Chown}, R. and {Conselice}, C. and {Cordero}, J. and {Costanzi}, M. and {Crawford}, T. and {Crites}, A.~T. and {Crocce}, M. and {da Costa}, L.~N. and {Davis}, C. and {Davis}, T.~M. and {de Haan}, T. and {De Vicente}, J. and {DeRose}, J. and {Desai}, S. and {Diehl}, H.~T. and {Dobbs}, M.~A. and {Dodelson}, S. and {Doel}, P. and {Doux}, C. and {Drlica-Wagner}, A. and {Eckert}, K. and {Eifler}, T.~F. and {Elsner}, F. and {Elvin-Poole}, J. and {Everett}, S. and {Everett}, W. and {Fang}, X. and {Ferrero}, I. and {Fert{\'e}}, A. and {Flaugher}, B. and {Fosalba}, P. and {Friedrich}, O. and {Frieman}, J. and {Garc{\'\i}a-Bellido}, J. and {Gatti}, M. and {George}, E.~M. and {Giannantonio}, T. and {Giannini}, G. and {Gruen}, D. and {Gruendl}, R.~A. and {Gschwend}, J. and {Gutierrez}, G. and {Halverson}, N.~W. and {Harrison}, I. and {Herner}, K. and {Hinton}, S.~R. and {Holder}, G.~P. and {Hollowood}, D.~L. and {Holzapfel}, W.~L. and {Honscheid}, K. and {Hrubes}, J.~D. and {Huang}, H. and {Huff}, E.~M. and {Huterer}, D. and {Jain}, B. and {James}, D.~J. and {Jarvis}, M. and {Jeltema}, T. and {Kent}, S. and {Knox}, L. and {Kovacs}, A. and {Krause}, E. and {Kuehn}, K. and {Kuropatkin}, N. and {Lahav}, O. and {Lee}, A.~T. and {Leget}, P. -F. and {Lemos}, P. and {Liddle}, A.~R. and {Lidman}, C. and {Luong-Van}, D. and {McMahon}, J.~J. and {MacCrann}, N. and {March}, M. and {Marshall}, J.~L. and {Martini}, P. and {McCullough}, J. and {Melchior}, P. and {Menanteau}, F. and {Meyer}, S.~S. and {Miquel}, R. and {Mocanu}, L. and {Mohr}, J.~J. and {Morgan}, R. and {Muir}, J. and {Myles}, J. and {Natoli}, T. and {Navarro-Alsina}, A. and {Nichol}, R.~C. and {Omori}, Y. and {Padin}, S. and {Pandey}, S. and {Park}, Y. and {Paz-Chinch{\'o}n}, F. and {Pereira}, M.~E.~S. and {Pieres}, A. and {Plazas Malag{\'o}n}, A.~A. and {Porredon}, A. and {Prat}, J. and {Pryke}, C. and {Raveri}, M. and {Reichardt}, C.~L. and {Rollins}, R.~P. and {Romer}, A.~K. and {Roodman}, A. and {Rosenfeld}, R. and {Ross}, A.~J. and {Ruhl}, J.~E. and {Rykoff}, E.~S. and {S{\'a}nchez}, C. and {Sanchez}, E. and {Sanchez}, J. and {Schaffer}, K.~K. and {Secco}, L.~F. and {Sevilla-Noarbe}, I. and {Sheldon}, E. and {Shin}, T. and {Shirokoff}, E. and {Smith}, M. and {Staniszewski}, Z. and {Stark}, A.~A. and {Suchyta}, E. and {Swanson}, M.~E.~C. and {Tarle}, G. and {To}, C. and {Troxel}, M.~A. and {Tutusaus}, I. and {Varga}, T.~N. and {Vieira}, J.~D. and {Weaverdyck}, N. and {Wechsler}, R.~H. and {Weller}, J. and {Williamson}, R. and {Wu}, W.~L.~K. and {Yanny}, B. and {Yin}, B. and {Zhang}, Y. and {Zuntz}, J. and {DES} and {SPT Collaborations}},
        title = "{Joint analysis of Dark Energy Survey Year 3 data and CMB lensing from SPT and Planck. III. Combined cosmological constraints}",
      journal = {\prd},
     keywords = {Astrophysics - Cosmology and Nongalactic Astrophysics},
         year = 2023,
        month = jan,
       volume = {107},
       number = {2},
          eid = {023531},
        pages = {023531},
          doi = {10.1103/PhysRevD.107.023531},
archivePrefix = {arXiv},
       eprint = {2206.10824},
 primaryClass = {astro-ph.CO},
       adsurl = {https://ui.adsabs.harvard.edu/abs/2023PhRvD.107b3531A},
      adsnote = {Provided by the SAO/NASA Astrophysics Data System}
}

@ARTICLE{2023PhRvD.107b3529O,
       author = {{Omori}, Y. and {Baxter}, E.~J. and {Chang}, C. and {Friedrich}, O. and {Alarcon}, A. and {Alves}, O. and {Amon}, A. and {Andrade-Oliveira}, F. and {Bechtol}, K. and {Becker}, M.~R. and {Bernstein}, G.~M. and {Blazek}, J. and {Bleem}, L.~E. and {Camacho}, H. and {Campos}, A. and {Carnero Rosell}, A. and {Carrasco Kind}, M. and {Cawthon}, R. and {Chen}, R. and {Choi}, A. and {Cordero}, J. and {Crawford}, T.~M. and {Crocce}, M. and {Davis}, C. and {DeRose}, J. and {Dodelson}, S. and {Doux}, C. and {Drlica-Wagner}, A. and {Eckert}, K. and {Eifler}, T.~F. and {Elsner}, F. and {Elvin-Poole}, J. and {Everett}, S. and {Fang}, X. and {Fert{\'e}}, A. and {Fosalba}, P. and {Gatti}, M. and {Giannini}, G. and {Gruen}, D. and {Gruendl}, R.~A. and {Harrison}, I. and {Herner}, K. and {Huang}, H. and {Huff}, E.~M. and {Huterer}, D. and {Jarvis}, M. and {Krause}, E. and {Kuropatkin}, N. and {Leget}, P. -F. and {Lemos}, P. and {Liddle}, A.~R. and {MacCrann}, N. and {McCullough}, J. and {Muir}, J. and {Myles}, J. and {Navarro-Alsina}, A. and {Pandey}, S. and {Park}, Y. and {Porredon}, A. and {Prat}, J. and {Raveri}, M. and {Rollins}, R.~P. and {Roodman}, A. and {Rosenfeld}, R. and {Ross}, A.~J. and {Rykoff}, E.~S. and {S{\'a}nchez}, C. and {Sanchez}, J. and {Secco}, L.~F. and {Sevilla-Noarbe}, I. and {Sheldon}, E. and {Shin}, T. and {Troxel}, M.~A. and {Tutusaus}, I. and {Varga}, T.~N. and {Weaverdyck}, N. and {Wechsler}, R.~H. and {Wu}, W.~L.~K. and {Yanny}, B. and {Yin}, B. and {Zhang}, Y. and {Zuntz}, J. and {Abbott}, T.~M.~C. and {Aguena}, M. and {Allam}, S. and {Annis}, J. and {Bacon}, D. and {Benson}, B.~A. and {Bertin}, E. and {Bocquet}, S. and {Brooks}, D. and {Burke}, D.~L. and {Carlstrom}, J.~E. and {Carretero}, J. and {Chang}, C.~L. and {Chown}, R. and {Costanzi}, M. and {da Costa}, L.~N. and {Crites}, A.~T. and {Pereira}, M.~E.~S. and {de Haan}, T. and {De Vicente}, J. and {Desai}, S. and {Diehl}, H.~T. and {Dobbs}, M.~A. and {Doel}, P. and {Everett}, W. and {Ferrero}, I. and {Flaugher}, B. and {Friedel}, D. and {Frieman}, J. and {Garc{\'\i}a-Bellido}, J. and {Gaztanaga}, E. and {George}, E.~M. and {Giannantonio}, T. and {Halverson}, N.~W. and {Hinton}, S.~R. and {Holder}, G.~P. and {Hollowood}, D.~L. and {Holzapfel}, W.~L. and {Honscheid}, K. and {Hrubes}, J.~D. and {James}, D.~J. and {Knox}, L. and {Kuehn}, K. and {Lahav}, O. and {Lee}, A.~T. and {Lima}, M. and {Luong-Van}, D. and {March}, M. and {McMahon}, J.~J. and {Melchior}, P. and {Menanteau}, F. and {Meyer}, S.~S. and {Miquel}, R. and {Mocanu}, L. and {Mohr}, J.~J. and {Morgan}, R. and {Natoli}, T. and {Padin}, S. and {Palmese}, A. and {Paz-Chinch{\'o}n}, F. and {Pieres}, A. and {Plazas Malag{\'o}n}, A.~A. and {Pryke}, C. and {Reichardt}, C.~L. and {Romer}, A.~K. and {Ruhl}, J.~E. and {Sanchez}, E. and {Schaffer}, K.~K. and {Schubnell}, M. and {Serrano}, S. and {Shirokoff}, E. and {Smith}, M. and {Staniszewski}, Z. and {Stark}, A.~A. and {Suchyta}, E. and {Tarle}, G. and {Thomas}, D. and {To}, C. and {Vieira}, J.~D. and {Weller}, J. and {Williamson}, R. and {DES} and {SPT Collaborations}},
        title = "{Joint analysis of Dark Energy Survey Year 3 data and CMB lensing from SPT and Planck. I. Construction of CMB lensing maps and modeling choices}",
      journal = {\prd},
     keywords = {Astrophysics - Cosmology and Nongalactic Astrophysics},
         year = 2023,
        month = jan,
       volume = {107},
       number = {2},
          eid = {023529},
        pages = {023529},
          doi = {10.1103/PhysRevD.107.023529},
archivePrefix = {arXiv},
       eprint = {2203.12439},
 primaryClass = {astro-ph.CO},
       adsurl = {https://ui.adsabs.harvard.edu/abs/2023PhRvD.107b3529O},
      adsnote = {Provided by the SAO/NASA Astrophysics Data System}
}

@article{2023DESKiDs,
   title={DES Y3 + KiDS-1000: Consistent cosmology combining cosmic shear surveys},
   volume={6},
   ISSN={2565-6120},
   url={http://dx.doi.org/10.21105/astro.2305.17173},
   DOI={10.21105/astro.2305.17173},
   journal={The Open Journal of Astrophysics},
   publisher={Maynooth University},
   author={Abbott, T.M.C. and Aguena, M. and Alarcon, A. and Alves, O. and Amon, A. and Andrade-Oliveira, F. and Asgari, M. and Avila, S. and Bacon, D. and Bechtol, K. and Becker, M. R. and Bernstein, G. M. and Bertin, E. and Bilicki, M. and Blazek, J. and Bocquet, S. and Brooks, D. and Burger, P. and Burke, D. L. and Camacho, H. and Campos, A. and Carnero Rosell, A. and Carrasco Kind, M. and Carretero, J. and Castander, F. J. and Cawthon, R. and Chang, C. and Chen, R. and Choi, A. and Conselice, C. and Cordero, J. and Crocce, M. and da Costa, L. N. and da Silva Pereira, M. E. and Dalal, R. and Davis, C. and de Jong, J. T. A. and DeRose, J. and Desai, S. and Diehl, H. T. and Dodelson, S. and Doel, P. and Doux, C. and Drlica-Wagner, A. and Dvornik, A. and Eckert, K. and Eifler, T. F. and Elvin-Poole, J. and Everett, S. and Fang, X. and Ferrero, I. and Ferté, A. and Flaugher, B. and Friedrich, O. and Frieman, J. and García-Bellido, J. and Gatti, M. and Giannini, G. and Giblin, B. and Gruen, D. and Gruendl, R. A. and Gutierrez, G. and Harrison, I. and Hartley, W. G. and Herner, K. and Heymans, C. and Hildebrandt, H. and Hinton, S. R. and Hoekstra, H. and Hollowood, D. L. and Honscheid, K. and Huang, H. and Huff, E. M. and Huterer, D. and James, D. J. and Jarvis, M. and Jeffrey, N. and Jeltema, T. and Joachimi, B. and Joudaki, S. and Kannawadi, A. and Krause, E. and Kuehn, K. and Kuijken, K. and Kuropatkin, N. and Lahav, O. and Leget, P.-F. and Lemos, P. and Li, S.-S. and Li, X. and Liddle, A. R. and Lima, M. and Lin, C.-A. and Lin, H. and MacCrann, N. and Mahony, C. and Marshall, J. L. and McCullough, J. and Mena-Fernández, J. and Menanteau, F. and Miquel, R. and Mohr, J. J. and Muir, J. and Myles, J. and Napolitano, N. and Navarro-Alsina, A. and Ogando, R. L. C. and Palmese, A. and Pandey, S. and Park, Y. and Paterno, M. and Peacock, J. A. and Petravick, D. and Pieres, A. and Plazas Malagón, A. A. and Porredon, A. and Prat, J. and Radovich, M. and Raveri, M. and Reischke, R. and Robertson, N. C. and Rollins, R. P. and Romer, A. K. and Roodman, A. and Rykoff, E. S. and Samuroff, S. and Sánchez, C. and Sanchez, E. and Sanchez, J. and Schneider, P. and Secco, L. F. and Sevilla-Noarbe, I. and Shan, H.-Y. and Sheldon, E. and Shin, T. and Sifón, C. and Smith, M. and Soares-Santos, M. and Stölzner, B. and Suchyta, E. and Swanson, M. E. C. and Tarle, G. and Thomas, D. and To, C. and Troxel, M. A. and Tröster, T. and Tutusaus, I. and van den Busch, J. L. and Varga, T. N. and Walker, A. R. and Weaverdyck, N. and Wechsler, R. H. and Weller, J. and Wiseman, P. and Wright, A. H. and Yanny, B. and Yin, B. and Yoon, M. and Zhang, Y. and Zuntz, J.},
   year={2023},
   month=oct }


@article{Horowitz_2017,
   title={Cosmological constraints from thermal Sunyaev–Zeldovich power spectrum revisited},
   volume={469},
   ISSN={1365-2966},
   url={http://dx.doi.org/10.1093/mnras/stx766},
   DOI={10.1093/mnras/stx766},
   number={1},
   journal={Monthly Notices of the Royal Astronomical Society},
   publisher={Oxford University Press (OUP)},
   author={Horowitz, B. and Seljak, U.},
   year={2017},
   month=mar, pages={394–400} }


@misc{bolliet2018cosmological,
      title={Cosmological constraints from the thermal Sunyaev Zeldovich power spectrum?}, 
      author={Boris Bolliet},
      year={2018},
      eprint={1806.04786},
      archivePrefix={arXiv},
      primaryClass={astro-ph.CO}
}


@article{Pan_2023,
   title={Measurement of gravitational lensing of the cosmic microwave background using SPT-3G 2018 data},
   volume={108},
   ISSN={2470-0029},
   url={http://dx.doi.org/10.1103/PhysRevD.108.122005},
   DOI={10.1103/physrevd.108.122005},
   number={12},
   journal={Physical Review D},
   publisher={American Physical Society (APS)},
   author={Pan, Z. and Bianchini, F. and Wu, W. L. K. and Ade, P. A. R. and Ahmed, Z. and Anderes, E. and Anderson, A. J. and Ansarinejad, B. and Archipley, M. and Aylor, K. and Balkenhol, L. and Barry, P. S. and Basu Thakur, R. and Benabed, K. and Bender, A. N. and Benson, B. A. and Bleem, L. E. and Bouchet, F. R. and Bryant, L. and Byrum, K. and Camphuis, E. and Carlstrom, J. E. and Carter, F. W. and Cecil, T. W. and Chang, C. L. and Chaubal, P. and Chen, G. and Chichura, P. M. and Cho, H.-M. and Chou, T.-L. and Cliche, J.-F. and Coerver, A. and Crawford, T. M. and Cukierman, A. and Daley, C. and de Haan, T. and Denison, E. V. and Dibert, K. R. and Ding, J. and Dobbs, M. A. and Doussot, A. and Dutcher, D. and Everett, W. and Feng, C. and Ferguson, K. R. and Fichman, K. and Foster, A. and Fu, J. and Galli, S. and Gambrel, A. E. and Gardner, R. W. and Ge, F. and Goeckner-Wald, N. and Gualtieri, R. and Guidi, F. and Guns, S. and Gupta, N. and Halverson, N. W. and Harke-Hosemann, A. H. and Harrington, N. L. and Henning, J. W. and Hilton, G. C. and Hivon, E. and Holder, G. P. and Holzapfel, W. L. and Hood, J. C. and Howe, D. and Huang, N. and Irwin, K. D. and Jeong, O. and Jonas, M. and Jones, A. and Kéruzoré, F. and Khaire, T. S. and Knox, L. and Kofman, A. M. and Korman, M. and Kubik, D. L. and Kuhlmann, S. and Kuo, C.-L. and Lee, A. T. and Leitch, E. M. and Levy, K. and Lowitz, A. E. and Lu, C. and Maniyar, A. and Menanteau, F. and Meyer, S. S. and Michalik, D. and Millea, M. and Montgomery, J. and Nadolski, A. and Nakato, Y. and Natoli, T. and Nguyen, H. and Noble, G. I. and Novosad, V. and Omori, Y. and Padin, S. and Paschos, P. and Pearson, J. and Posada, C. M. and Prabhu, K. and Quan, W. and Raghunathan, S. and Rahimi, M. and Rahlin, A. and Reichardt, C. L. and Riebel, D. and Riedel, B. and Ruhl, J. E. and Sayre, J. T. and Schiappucci, E. and Shirokoff, E. and Smecher, G. and Sobrin, J. A. and Stark, A. A. and Stephen, J. and Story, K. T. and Suzuki, A. and Takakura, S. and Tandoi, C. and Thompson, K. L. and Thorne, B. and Trendafilova, C. and Tucker, C. and Umilta, C. and Vale, L. R. and Vanderlinde, K. and Vieira, J. D. and Wang, G. and Whitehorn, N. and Yefremenko, V. and Yoon, K. W. and Young, M. R. and Zebrowski, J. A.},
   year={2023},
   month=dec }


@ARTICLE{2023MNRAS.525.5554P,
       author = {{Preston}, Calvin and {Amon}, Alexandra and {Efstathiou}, George},
        title = "{A non-linear solution to the S$_{8}$ tension - II. Analysis of DES Year 3 cosmic shear}",
      journal = {\mnras},
     keywords = {cosmology: cosmological parameters, observations, Astrophysics - Cosmology and Nongalactic Astrophysics},
         year = 2023,
        month = nov,
       volume = {525},
       number = {4},
        pages = {5554-5564},
          doi = {10.1093/mnras/stad2573},
archivePrefix = {arXiv},
       eprint = {2305.09827},
 primaryClass = {astro-ph.CO},
       adsurl = {https://ui.adsabs.harvard.edu/abs/2023MNRAS.525.5554P},
      adsnote = {Provided by the SAO/NASA Astrophysics Data System}
}

@ARTICLE{2022MNRAS.516.5355A,
       author = {{Amon}, Alexandra and {Efstathiou}, George},
        title = "{A non-linear solution to the S$_{8}$ tension?}",
      journal = {\mnras},
     keywords = {cosmological parameters, cosmology: observations, Astrophysics - Cosmology and Nongalactic Astrophysics, Astrophysics - Astrophysics of Galaxies},
         year = 2022,
        month = nov,
       volume = {516},
       number = {4},
        pages = {5355-5366},
          doi = {10.1093/mnras/stac2429},
archivePrefix = {arXiv},
       eprint = {2206.11794},
 primaryClass = {astro-ph.CO},
       adsurl = {https://ui.adsabs.harvard.edu/abs/2022MNRAS.516.5355A},
      adsnote = {Provided by the SAO/NASA Astrophysics Data System}
}


@article{Ivanov_2020,
   title={Cosmological parameters from the BOSS galaxy power spectrum},
   volume={2020},
   ISSN={1475-7516},
   url={http://dx.doi.org/10.1088/1475-7516/2020/05/042},
   DOI={10.1088/1475-7516/2020/05/042},
   number={05},
   journal={Journal of Cosmology and Astroparticle Physics},
   publisher={IOP Publishing},
   author={Ivanov, Mikhail M. and Simonović, Marko and Zaldarriaga, Matias},
   year={2020},
   month=may, pages={042–042} }


@article{d_Amico_2020,
   title={The cosmological analysis of the SDSS/BOSS data from the Effective Field Theory of Large-Scale Structure},
   volume={2020},
   ISSN={1475-7516},
   url={http://dx.doi.org/10.1088/1475-7516/2020/05/005},
   DOI={10.1088/1475-7516/2020/05/005},
   number={05},
   journal={Journal of Cosmology and Astroparticle Physics},
   publisher={IOP Publishing},
   author={d’Amico, Guido and Gleyzes, Jérôme and Kokron, Nickolas and Markovic, Katarina and Senatore, Leonardo and Zhang, Pierre and Beutler, Florian and Gil-Marín, Héctor},
   year={2020},
   month=may, pages={005–005} }


@article{Colas_2020,
   title={Efficient cosmological analysis of the SDSS/BOSS data from the Effective Field Theory of Large-Scale Structure},
   volume={2020},
   ISSN={1475-7516},
   url={http://dx.doi.org/10.1088/1475-7516/2020/06/001},
   DOI={10.1088/1475-7516/2020/06/001},
   number={06},
   journal={Journal of Cosmology and Astroparticle Physics},
   publisher={IOP Publishing},
   author={Colas, Thomas and d’Amico, Guido and Senatore, Leonardo and Zhang, Pierre and Beutler, Florian},
   year={2020},
   month=jun, pages={001–001} }


@misc{bocquet2024spt,
      title={SPT Clusters with DES and HST Weak Lensing. II. Cosmological Constraints from the Abundance of Massive Halos}, 
      author={S. Bocquet and S. Grandis and L. E. Bleem and M. Klein and J. J. Mohr and T. Schrabback and T. M. C. Abbott and P. A. R. Ade and M. Aguena and A. Alarcon and S. Allam and S. W. Allen and O. Alves and A. Amon and A. J. Anderson and J. Annis and B. Ansarinejad and J. E. Austermann and S. Avila and D. Bacon and M. Bayliss and J. A. Beall and K. Bechtol and M. R. Becker and A. N. Bender and B. A. Benson and G. M. Bernstein and S. Bhargava and F. Bianchini and M. Brodwin and D. Brooks and L. Bryant and A. Campos and R. E. A. Canning and J. E. Carlstrom and A. Carnero Rosell and M. Carrasco Kind and J. Carretero and F. J. Castander and R. Cawthon and C. L. Chang and C. Chang and P. Chaubal and R. Chen and H. C. Chiang and A. Choi and T-L. Chou and R. Citron and C. Corbett Moran and J. Cordero and M. Costanzi and T. M. Crawford and A. T. Crites and L. N. da Costa and M. E. S. Pereira and C. Davis and T. M. Davis and J. DeRose and S. Desai and T. de Haan and H. T. Diehl and M. A. Dobbs and S. Dodelson and C. Doux and A. Drlica-Wagner and K. Eckert and J. Elvin-Poole and S. Everett and W. Everett and I. Ferrero and A. Ferté and A. M. Flores and J. Frieman and J. Gallicchio and J. García-Bellido and M. Gatti and E. M. George and G. Giannini and M. D. Gladders and D. Gruen and R. A. Gruendl and N. Gupta and G. Gutierrez and N. W. Halverson and I. Harrison and W. G. Hartley and K. Herner and S. R. Hinton and G. P. Holder and D. L. Hollowood and W. L. Holzapfel and K. Honscheid and J. D. Hrubes and N. Huang and J. Hubmayr and E. M. Huff and D. Huterer and K. D. Irwin and D. J. James and M. Jarvis and G. Khullar and K. Kim and L. Knox and R. Kraft and E. Krause and K. Kuehn and N. Kuropatkin and F. Kéruzoré and O. Lahav and A. T. Lee and P. -F. Leget and D. Li and H. Lin and A. Lowitz and N. MacCrann and G. Mahler and A. Mantz and J. L. Marshall and J. McCullough and M. McDonald and J. J. McMahon and J. Mena-Fernández and F. Menanteau and S. S. Meyer and R. Miquel and J. Montgomery and J. Myles and T. Natoli and A. Navarro-Alsina and J. P. Nibarger and G. I. Noble and V. Novosad and R. L. C. Ogando and Y. Omori and S. Padin and S. Pandey and P. Paschos and S. Patil and A. Pieres and A. A. Plazas Malagón and A. Porredon and J. Prat and C. Pryke and M. Raveri and C. L. Reichardt and J. Roberson and R. P. Rollins and C. Romero and A. Roodman and J. E. Ruhl and E. S. Rykoff and B. R. Saliwanchik and L. Salvati and C. Sánchez and E. Sanchez and D. Sanchez Cid and A. Saro and K. K. Schaffer and L. F. Secco and I. Sevilla-Noarbe and K. Sharon and E. Sheldon and T. Shin and C. Sievers and G. Smecher and M. Smith and T. Somboonpanyakul and M. Sommer and B. Stalder and A. A. Stark and J. Stephen and V. Strazzullo and E. Suchyta and G. Tarle and C. To and M. A. Troxel and C. Tucker and I. Tutusaus and T. N. Varga and T. Veach and J. D. Vieira and A. Vikhlinin and A. von der Linden and G. Wang and N. Weaverdyck and J. Weller and N. Whitehorn and W. L. K. Wu and B. Yanny and V. Yefremenko and B. Yin and M. Young and J. A. Zebrowski and Y. Zhang and H. Zohren and J. Zuntz},
      year={2024},
      eprint={2401.02075},
      archivePrefix={arXiv},
      primaryClass={astro-ph.CO}
}


@article{planckcluster2016,
   title={Planck2015 results: XXIV. Cosmology from Sunyaev-Zeldovich cluster counts},
   volume={594},
   ISSN={1432-0746},
   url={http://dx.doi.org/10.1051/0004-6361/201525833},
   DOI={10.1051/0004-6361/201525833},
   journal={Astronomy and Astrophysics},
   publisher={EDP Sciences},
   author={Ade, P. A. R. and Aghanim, N. and Arnaud, M. and Ashdown, M. and Aumont, J. and Baccigalupi, C. and Banday, A. J. and Barreiro, R. B. and Bartlett, J. G. and Bartolo, N. and Battaner, E. and Battye, R. and Benabed, K. and Benoît, A. and Benoit-Lévy, A. and Bernard, J.-P. and Bersanelli, M. and Bielewicz, P. and Bock, J. J. and Bonaldi, A. and Bonavera, L. and Bond, J. R. and Borrill, J. and Bouchet, F. R. and Bucher, M. and Burigana, C. and Butler, R. C. and Calabrese, E. and Cardoso, J.-F. and Catalano, A. and Challinor, A. and Chamballu, A. and Chary, R.-R. and Chiang, H. C. and Christensen, P. R. and Church, S. and Clements, D. L. and Colombi, S. and Colombo, L. P. L. and Combet, C. and Comis, B. and Couchot, F. and Coulais, A. and Crill, B. P. and Curto, A. and Cuttaia, F. and Danese, L. and Davies, R. D. and Davis, R. J. and de Bernardis, P. and de Rosa, A. and de Zotti, G. and Delabrouille, J. and Désert, F.-X. and Diego, J. M. and Dolag, K. and Dole, H. and Donzelli, S. and Doré, O. and Douspis, M. and Ducout, A. and Dupac, X. and Efstathiou, G. and Elsner, F. and Enßlin, T. A. and Eriksen, H. K. and Falgarone, E. and Fergusson, J. and Finelli, F. and Forni, O. and Frailis, M. and Fraisse, A. A. and Franceschi, E. and Frejsel, A. and Galeotta, S. and Galli, S. and Ganga, K. and Giard, M. and Giraud-Héraud, Y. and Gjerløw, E. and González-Nuevo, J. and Górski, K. M. and Gratton, S. and Gregorio, A. and Gruppuso, A. and Gudmundsson, J. E. and Hansen, F. K. and Hanson, D. and Harrison, D. L. and Henrot-Versillé, S. and Hernández-Monteagudo, C. and Herranz, D. and Hildebrandt, S. R. and Hivon, E. and Hobson, M. and Holmes, W. A. and Hornstrup, A. and Hovest, W. and Huffenberger, K. M. and Hurier, G. and Jaffe, A. H. and Jaffe, T. R. and Jones, W. C. and Juvela, M. and Keihänen, E. and Keskitalo, R. and Kisner, T. S. and Kneissl, R. and Knoche, J. and Kunz, M. and Kurki-Suonio, H. and Lagache, G. and Lähteenmäki, A. and Lamarre, J.-M. and Lasenby, A. and Lattanzi, M. and Lawrence, C. R. and Leonardi, R. and Lesgourgues, J. and Levrier, F. and Liguori, M. and Lilje, P. B. and Linden-Vørnle, M. and López-Caniego, M. and Lubin, P. M. and Macías-Pérez, J. F. and Maggio, G. and Maino, D. and Mandolesi, N. and Mangilli, A. and Maris, M. and Martin, P. G. and Martínez-González, E. and Masi, S. and Matarrese, S. and McGehee, P. and Meinhold, P. R. and Melchiorri, A. and Melin, J.-B. and Mendes, L. and Mennella, A. and Migliaccio, M. and Mitra, S. and Miville-Deschênes, M.-A. and Moneti, A. and Montier, L. and Morgante, G. and Mortlock, D. and Moss, A. and Munshi, D. and Murphy, J. A. and Naselsky, P. and Nati, F. and Natoli, P. and Netterfield, C. B. and Nørgaard-Nielsen, H. U. and Noviello, F. and Novikov, D. and Novikov, I. and Oxborrow, C. A. and Paci, F. and Pagano, L. and Pajot, F. and Paoletti, D. and Partridge, B. and Pasian, F. and Patanchon, G. and Pearson, T. J. and Perdereau, O. and Perotto, L. and Perrotta, F. and Pettorino, V. and Piacentini, F. and Piat, M. and Pierpaoli, E. and Pietrobon, D. and Plaszczynski, S. and Pointecouteau, E. and Polenta, G. and Popa, L. and Pratt, G. W. and Prézeau, G. and Prunet, S. and Puget, J.-L. and Rachen, J. P. and Rebolo, R. and Reinecke, M. and Remazeilles, M. and Renault, C. and Renzi, A. and Ristorcelli, I. and Rocha, G. and Roman, M. and Rosset, C. and Rossetti, M. and Roudier, G. and Rubiño-Martín, J. A. and Rusholme, B. and Sandri, M. and Santos, D. and Savelainen, M. and Savini, G. and Scott, D. and Seiffert, M. D. and Shellard, E. P. S. and Spencer, L. D. and Stolyarov, V. and Stompor, R. and Sudiwala, R. and Sunyaev, R. and Sutton, D. and Suur-Uski, A.-S. and Sygnet, J.-F. and Tauber, J. A. and Terenzi, L. and Toffolatti, L. and Tomasi, M. and Tristram, M. and Tucci, M. and Tuovinen, J. and Türler, M. and Umana, G. and Valenziano, L. and Valiviita, J. and Van Tent, B. and Vielva, P. and Villa, F. and Wade, L. A. and Wandelt, B. D. and Wehus, I. K. and Weller, J. and White, S. D. M. and Yvon, D. and Zacchei, A. and Zonca, A.},
   year={2016},
   month=sep, pages={A24} }


@article{Haan_2016,
   title={COSMOLOGICAL CONSTRAINTS FROM GALAXY CLUSTERS IN THE 2500 SQUARE-DEGREE SPT-SZ SURVEY},
   volume={832},
   ISSN={1538-4357},
   url={http://dx.doi.org/10.3847/0004-637X/832/1/95},
   DOI={10.3847/0004-637x/832/1/95},
   number={1},
   journal={The Astrophysical Journal},
   publisher={American Astronomical Society},
   author={Haan, T. de and Benson, B. A. and Bleem, L. E. and Allen, S. W. and Applegate, D. E. and Ashby, M. L. N. and Bautz, M. and Bayliss, M. and Bocquet, S. and Brodwin, M. and Carlstrom, J. E. and Chang, C. L. and Chiu, I. and Cho, H-M. and Clocchiatti, A. and Crawford, T. M. and Crites, A. T. and Desai, S. and Dietrich, J. P. and Dobbs, M. A. and Doucouliagos, A. N. and Foley, R. J. and Forman, W. R. and Garmire, G. P. and George, E. M. and Gladders, M. D. and Gonzalez, A. H. and Gupta, N. and Halverson, N. W. and Hlavacek-Larrondo, J. and Hoekstra, H. and Holder, G. P. and Holzapfel, W. L. and Hou, Z. and Hrubes, J. D. and Huang, N. and Jones, C. and Keisler, R. and Knox, L. and Lee, A. T. and Leitch, E. M. and Linden, A. von der and Luong-Van, D. and Mantz, A. and Marrone, D. P. and McDonald, M. and McMahon, J. J. and Meyer, S. S. and Mocanu, L. M. and Mohr, J. J. and Murray, S. S. and Padin, S. and Pryke, C. and Rapetti, D. and Reichardt, C. L. and Rest, A. and Ruel, J. and Ruhl, J. E. and Saliwanchik, B. R. and Saro, A. and Sayre, J. T. and Schaffer, K. K. and Schrabback, T. and Shirokoff, E. and Song, J. and Spieler, H. G. and Stalder, B. and Stanford, S. A. and Staniszewski, Z. and Stark, A. A. and Story, K. T. and Stubbs, C. W. and Vanderlinde, K. and Vieira, J. D. and Vikhlinin, A. and Williamson, R. and Zenteno, A.},
   year={2016},
   month=nov, pages={95} }


@article{Abbott_2020cluster,
   title={Dark Energy Survey Year 1 Results: Cosmological constraints from cluster abundances and weak lensing},
   volume={102},
   ISSN={2470-0029},
   url={http://dx.doi.org/10.1103/PhysRevD.102.023509},
   DOI={10.1103/physrevd.102.023509},
   number={2},
   journal={Physical Review D},
   publisher={American Physical Society (APS)},
   author={Abbott, T. M. C. and Aguena, M. and Alarcon, A. and Allam, S. and Allen, S. and Annis, J. and Avila, S. and Bacon, D. and Bechtol, K. and Bermeo, A. and Bernstein, G. M. and Bertin, E. and Bhargava, S. and Bocquet, S. and Brooks, D. and Brout, D. and Buckley-Geer, E. and Burke, D. L. and Carnero Rosell, A. and Carrasco Kind, M. and Carretero, J. and Castander, F. J. and Cawthon, R. and Chang, C. and Chen, X. and Choi, A. and Costanzi, M. and Crocce, M. and da Costa, L. N. and Davis, T. M. and De Vicente, J. and DeRose, J. and Desai, S. and Diehl, H. T. and Dietrich, J. P. and Dodelson, S. and Doel, P. and Drlica-Wagner, A. and Eckert, K. and Eifler, T. F. and Elvin-Poole, J. and Estrada, J. and Everett, S. and Evrard, A. E. and Farahi, A. and Ferrero, I. and Flaugher, B. and Fosalba, P. and Frieman, J. and García-Bellido, J. and Gatti, M. and Gaztanaga, E. and Gerdes, D. W. and Giannantonio, T. and Giles, P. and Grandis, S. and Gruen, D. and Gruendl, R. A. and Gschwend, J. and Gutierrez, G. and Hartley, W. G. and Hinton, S. R. and Hollowood, D. L. and Honscheid, K. and Hoyle, B. and Huterer, D. and James, D. J. and Jarvis, M. and Jeltema, T. and Johnson, M. W. G. and Johnson, M. D. and Kent, S. and Krause, E. and Kron, R. and Kuehn, K. and Kuropatkin, N. and Lahav, O. and Li, T. S. and Lidman, C. and Lima, M. and Lin, H. and MacCrann, N. and Maia, M. A. G. and Mantz, A. and Marshall, J. L. and Martini, P. and Mayers, J. and Melchior, P. and Mena-Fernández, J. and Menanteau, F. and Miquel, R. and Mohr, J. J. and Nichol, R. C. and Nord, B. and Ogando, R. L. C. and Palmese, A. and Paz-Chinchón, F. and Plazas, A. A. and Prat, J. and Rau, M. M. and Romer, A. K. and Roodman, A. and Rooney, P. and Rozo, E. and Rykoff, E. S. and Sako, M. and Samuroff, S. and Sánchez, C. and Sanchez, E. and Saro, A. and Scarpine, V. and Schubnell, M. and Scolnic, D. and Serrano, S. and Sevilla-Noarbe, I. and Sheldon, E. and Smith, J. Allyn. and Smith, M. and Suchyta, E. and Swanson, M. E. C. and Tarle, G. and Thomas, D. and To, C. and Troxel, M. A. and Tucker, D. L. and Varga, T. N. and von der Linden, A. and Walker, A. R. and Wechsler, R. H. and Weller, J. and Wilkinson, R. D. and Wu, H. and Yanny, B. and Zhang, Y. and Zhang, Z. and Zuntz, J.},
   year={2020},
   month=jul }


@misc{salcedo2023dark,
      title={Dark Energy Survey Year 1 Clusters are Consistent with Planck}, 
      author={Andrés N. Salcedo and Hao-Yi Wu and Eduardo Rozo and David H. Weinberg and Chun-Hao To and Tomomi Sunayama and Andy Lee},
      year={2023},
      eprint={2310.03944},
      archivePrefix={arXiv},
      primaryClass={astro-ph.CO}
}


@article{Hahn_2023,
   title={The DESI Bright Galaxy Survey: Final Target Selection, Design, and Validation},
   volume={165},
   ISSN={1538-3881},
   url={http://dx.doi.org/10.3847/1538-3881/accff8},
   DOI={10.3847/1538-3881/accff8},
   number={6},
   journal={The Astronomical Journal},
   publisher={American Astronomical Society},
   author={Hahn, ChangHoon and Wilson, Michael J. and Ruiz-Macias, Omar and Cole, Shaun and Weinberg, David H. and Moustakas, John and Kremin, Anthony and Tinker, Jeremy L. and Smith, Alex and Wechsler, Risa H. and Ahlen, Steven and Alam, Shadab and Bailey, Stephen and Brooks, David and Cooper, Andrew P. and Davis, Tamara M. and Dawson, Kyle and Dey, Arjun and Dey, Biprateep and Eftekharzadeh, Sarah and Eisenstein, Daniel J. and Fanning, Kevin and Forero-Romero, Jaime E. and Frenk, Carlos S. and Gaztañaga, Enrique and A Gontcho, Satya Gontcho and Guy, Julien and Honscheid, Klaus and Ishak, Mustapha and Juneau, Stéphanie and Kehoe, Robert and Kisner, Theodore and Lan, Ting-Wen and Landriau, Martin and Le Guillou, Laurent and Levi, Michael E. and Magneville, Christophe and Martini, Paul and Meisner, Aaron and Myers, Adam D. and Nie, Jundan and Norberg, Peder and Palanque-Delabrouille, Nathalie and Percival, Will J. and Poppett, Claire and Prada, Francisco and Raichoor, Anand and Ross, Ashley J. and Safonova, Sasha and Saulder, Christoph and Schlafly, Eddie and Schlegel, David and Sierra-Porta, David and Tarle, Gregory and Weaver, Benjamin A. and Yèche, Christophe and Zarrouk, Pauline and Zhou, Rongpu and Zhou, Zhimin and Zou, Hu},
   year={2023},
   month=may, pages={253} }


@misc{saraf2024effect,
      title={Effect of redshift bin mismatch on cross correlation between DESI Legacy Imaging Survey and Planck CMB lensing potential}, 
      author={Chandra Shekhar Saraf and Pawel Bielewicz and Michal Chodorowski},
      year={2024},
      eprint={2406.02857},
      archivePrefix={arXiv},
      primaryClass={astro-ph.CO}
}

@ARTICLE{2016MNRAS.457.4340K,
       author = {{Klypin}, Anatoly and {Yepes}, Gustavo and {Gottl{\"o}ber}, Stefan and {Prada}, Francisco and {He{\ss}}, Steffen},
        title = "{MultiDark simulations: the story of dark matter halo concentrations and density profiles}",
      journal = {\mnras},
     keywords = {methods: numerical, galaxies: haloes, dark matter, Astrophysics - Cosmology and Nongalactic Astrophysics},
         year = 2016,
        month = apr,
       volume = {457},
       number = {4},
        pages = {4340-4359},
          doi = {10.1093/mnras/stw248},
archivePrefix = {arXiv},
       eprint = {1411.4001},
 primaryClass = {astro-ph.CO},
       adsurl = {https://ui.adsabs.harvard.edu/abs/2016MNRAS.457.4340K},
      adsnote = {Provided by the SAO/NASA Astrophysics Data System}
}

@article{Hang_2021_stack,
   title={Stacked CMB lensing and ISW signals around superstructures in the DESI Legacy Survey},
   volume={507},
   ISSN={1365-2966},
   url={http://dx.doi.org/10.1093/mnras/stab2184},
   DOI={10.1093/mnras/stab2184},
   number={1},
   journal={Monthly Notices of the Royal Astronomical Society},
   publisher={Oxford University Press (OUP)},
   author={Hang, Qianjun and Alam, Shadab and Cai, Yan-Chuan and Peacock, John A},
   year={2021},
   month=jul, pages={510–523} }


@ARTICLE{1953ApJ...117..134L,
   	author = {{Limber}, D. Nelson},
    	title = "{The Analysis of Counts of the Extragalactic Nebulae in Terms of a Fluctuating Density Field.}",
  	journal = {\apj},
     	year = 1953,
    	month = jan,
   	volume = {117},
    	pages = {134},
      	doi = {10.1086/145672},
   	adsurl = {https://ui.adsabs.harvard.edu/abs/1953ApJ...117..134L},
  	adsnote = {Provided by the SAO/NASA Astrophysics Data System}
}

@ARTICLE{2008PhRvD..78l3506L,
       author = {{LoVerde}, Marilena and {Afshordi}, Niayesh},
        title = "{Extended Limber approximation}",
      journal = {\prd},
     keywords = {98.80.-k, 98.62.Py, 98.80.Es, Cosmology, Distances redshifts radial velocities, spatial distribution of galaxies, Observational cosmology, Astrophysics},
         year = 2008,
        month = dec,
       volume = {78},
       number = {12},
          eid = {123506},
        pages = {123506},
          doi = {10.1103/PhysRevD.78.123506},
archivePrefix = {arXiv},
       eprint = {0809.5112},
 primaryClass = {astro-ph},
       adsurl = {https://ui.adsabs.harvard.edu/abs/2008PhRvD..78l3506L},
      adsnote = {Provided by the SAO/NASA Astrophysics Data System}
}


@misc{qu2024impactmitigationpolarized,
      title={Impact and Mitigation of Polarized Extragalactic Foregrounds on Bayesian Cosmic Microwave Background Lensing}, 
      author={Frank J. Qu and Marius Millea and Emmanuel Schaan},
      year={2024},
      eprint={2406.15351},
      archivePrefix={arXiv},
      primaryClass={astro-ph.CO},
      url={https://arxiv.org/abs/2406.15351}, 
}

@ARTICLE{2024JCAP...05..010B,
       author = {{Baleato Lizancos}, Ant{\'o}n and {White}, Martin},
        title = "{Harmonic analysis of discrete tracers of large-scale structure}",
      journal = {\jcap},
     keywords = {galaxy surveys, power spectrum, Astrophysics - Cosmology and Nongalactic Astrophysics},
         year = 2024,
        month = may,
       volume = {2024},
       number = {5},
          eid = {010},
        pages = {010},
          doi = {10.1088/1475-7516/2024/05/010},
archivePrefix = {arXiv},
       eprint = {2312.12285},
 primaryClass = {astro-ph.CO},
       adsurl = {https://ui.adsabs.harvard.edu/abs/2024JCAP...05..010B},
      adsnote = {Provided by the SAO/NASA Astrophysics Data System}
}

@ARTICLE{2002ApJ...567....2H,
       author = {{Hivon}, Eric and {G{\'o}rski}, Krzysztof M. and {Netterfield}, C. Barth and {Crill}, Brendan P. and {Prunet}, Simon and {Hansen}, Frode},
        title = "{MASTER of the Cosmic Microwave Background Anisotropy Power Spectrum: A Fast Method for Statistical Analysis of Large and Complex Cosmic Microwave Background Data Sets}",
      journal = {\apj},
     keywords = {Cosmology: Cosmic Microwave Background, Methods: Statistical, Astrophysics},
         year = 2002,
        month = mar,
       volume = {567},
       number = {1},
        pages = {2-17},
          doi = {10.1086/338126},
archivePrefix = {arXiv},
       eprint = {astro-ph/0105302},
 primaryClass = {astro-ph},
       adsurl = {https://ui.adsabs.harvard.edu/abs/2002ApJ...567....2H},
      adsnote = {Provided by the SAO/NASA Astrophysics Data System}
}

@ARTICLE{2024arXiv240704795C,
       author = {{Chen}, S. and {DeRose}, J. and {Zhou}, R. and {White}, M. and {Ferraro}, S. and {Blake}, C. and {Lange}, J.~U. and {Wechsler}, R.~H. and {Aguilar}, J. and {Ahlen}, S. and {Brooks}, D. and {Claybaugh}, T. and {Dawson}, K. and {de la Macorra}, A. and {Doel}, P. and {Font-Ribera}, A. and {Gazta{\~n}aga}, E. and {Gontcho}, S. Gontcho A and {Gutierrez}, G. and {Honscheid}, K. and {Howlett}, C. and {Kehoe}, R. and {Kirkby}, D. and {Kisner}, T. and {Kremin}, A. and {Landriau}, M. and {Le Guillou}, L. and {Manera}, M. and {Meisner}, A. and {Miquel}, R. and {Newman}, J.~A. and {Niz}, G. and {Palanque-Delabrouille}, N. and {Percival}, W.~J. and {Prada}, F. and {Rossi}, G. and {Sanchez}, E. and {Schlegel}, D. and {Schubnell}, M. and {Sprayberry}, D. and {Tarl{\'e}}, G. and {Weaver}, B.~A.},
        title = "{Not all lensing is low: An analysis of DESI$\times$DES using the Lagrangian Effective Theory of LSS}",
      journal = {arXiv e-prints},
     keywords = {Astrophysics - Cosmology and Nongalactic Astrophysics},
         year = 2024,
        month = jul,
          eid = {arXiv:2407.04795},
        pages = {arXiv:2407.04795},
          doi = {10.48550/arXiv.2407.04795},
archivePrefix = {arXiv},
       eprint = {2407.04795},
 primaryClass = {astro-ph.CO},
       adsurl = {https://ui.adsabs.harvard.edu/abs/2024arXiv240704795C},
      adsnote = {Provided by the SAO/NASA Astrophysics Data System}
}


@ARTICLE{2022PhRvD.105b3515S,
       author = {{Secco}, L.~F. and {Samuroff}, S. and {Krause}, E. and {Jain}, B. and {Blazek}, J. and {Raveri}, M. and {Campos}, A. and {Amon}, A. and {Chen}, A. and {Doux}, C. and {Choi}, A. and {Gruen}, D. and {Bernstein}, G.~M. and {Chang}, C. and {DeRose}, J. and {Myles}, J. and {Fert{\'e}}, A. and {Lemos}, P. and {Huterer}, D. and {Prat}, J. and {Troxel}, M.~A. and {MacCrann}, N. and {Liddle}, A.~R. and {Kacprzak}, T. and {Fang}, X. and {S{\'a}nchez}, C. and {Pandey}, S. and {Dodelson}, S. and {Chintalapati}, P. and {Hoffmann}, K. and {Alarcon}, A. and {Alves}, O. and {Andrade-Oliveira}, F. and {Baxter}, E.~J. and {Bechtol}, K. and {Becker}, M.~R. and {Brandao-Souza}, A. and {Camacho}, H. and {Carnero Rosell}, A. and {Carrasco Kind}, M. and {Cawthon}, R. and {Cordero}, J.~P. and {Crocce}, M. and {Davis}, C. and {Di Valentino}, E. and {Drlica-Wagner}, A. and {Eckert}, K. and {Eifler}, T.~F. and {Elidaiana}, M. and {Elsner}, F. and {Elvin-Poole}, J. and {Everett}, S. and {Fosalba}, P. and {Friedrich}, O. and {Gatti}, M. and {Giannini}, G. and {Gruendl}, R.~A. and {Harrison}, I. and {Hartley}, W.~G. and {Herner}, K. and {Huang}, H. and {Huff}, E.~M. and {Jarvis}, M. and {Jeffrey}, N. and {Kuropatkin}, N. and {Leget}, P. -F. and {Muir}, J. and {Mccullough}, J. and {Navarro Alsina}, A. and {Omori}, Y. and {Park}, Y. and {Porredon}, A. and {Rollins}, R. and {Roodman}, A. and {Rosenfeld}, R. and {Ross}, A.~J. and {Rykoff}, E.~S. and {Sanchez}, J. and {Sevilla-Noarbe}, I. and {Sheldon}, E.~S. and {Shin}, T. and {Troja}, A. and {Tutusaus}, I. and {Varga}, T.~N. and {Weaverdyck}, N. and {Wechsler}, R.~H. and {Yanny}, B. and {Yin}, B. and {Zhang}, Y. and {Zuntz}, J. and {Abbott}, T.~M.~C. and {Aguena}, M. and {Allam}, S. and {Annis}, J. and {Bacon}, D. and {Bertin}, E. and {Bhargava}, S. and {Bridle}, S.~L. and {Brooks}, D. and {Buckley-Geer}, E. and {Burke}, D.~L. and {Carretero}, J. and {Costanzi}, M. and {da Costa}, L.~N. and {De Vicente}, J. and {Diehl}, H.~T. and {Dietrich}, J.~P. and {Doel}, P. and {Ferrero}, I. and {Flaugher}, B. and {Frieman}, J. and {Garc{\'\i}a-Bellido}, J. and {Gaztanaga}, E. and {Gerdes}, D.~W. and {Giannantonio}, T. and {Gschwend}, J. and {Gutierrez}, G. and {Hinton}, S.~R. and {Hollowood}, D.~L. and {Honscheid}, K. and {Hoyle}, B. and {James}, D.~J. and {Jeltema}, T. and {Kuehn}, K. and {Lahav}, O. and {Lima}, M. and {Lin}, H. and {Maia}, M.~A.~G. and {Marshall}, J.~L. and {Martini}, P. and {Melchior}, P. and {Menanteau}, F. and {Miquel}, R. and {Mohr}, J.~J. and {Morgan}, R. and {Ogando}, R.~L.~C. and {Palmese}, A. and {Paz-Chinch{\'o}n}, F. and {Petravick}, D. and {Pieres}, A. and {Plazas Malag{\'o}n}, A.~A. and {Rodriguez-Monroy}, M. and {Romer}, A.~K. and {Sanchez}, E. and {Scarpine}, V. and {Schubnell}, M. and {Scolnic}, D. and {Serrano}, S. and {Smith}, M. and {Soares-Santos}, M. and {Suchyta}, E. and {Swanson}, M.~E.~C. and {Tarle}, G. and {Thomas}, D. and {To}, C. and {DES Collaboration}},
        title = "{Dark Energy Survey Year 3 results: Cosmology from cosmic shear and robustness to modeling uncertainty}",
      journal = {\prd},
     keywords = {Astrophysics - Cosmology and Nongalactic Astrophysics},
         year = 2022,
        month = jan,
       volume = {105},
       number = {2},
          eid = {023515},
        pages = {023515},
          doi = {10.1103/PhysRevD.105.023515},
archivePrefix = {arXiv},
       eprint = {2105.13544},
 primaryClass = {astro-ph.CO},
       adsurl = {https://ui.adsabs.harvard.edu/abs/2022PhRvD.105b3515S},
      adsnote = {Provided by the SAO/NASA Astrophysics Data System}
}

@ARTICLE{2023PhRvL.131k1001N,
       author = {{Nguyen}, Nhat-Minh and {Huterer}, Dragan and {Wen}, Yuewei},
        title = "{Evidence for Suppression of Structure Growth in the Concordance Cosmological Model}",
      journal = {\prl},
     keywords = {Astrophysics - Cosmology and Nongalactic Astrophysics, General Relativity and Quantum Cosmology},
         year = 2023,
        month = sep,
       volume = {131},
       number = {11},
          eid = {111001},
        pages = {111001},
          doi = {10.1103/PhysRevLett.131.111001},
archivePrefix = {arXiv},
       eprint = {2302.01331},
 primaryClass = {astro-ph.CO},
       adsurl = {https://ui.adsabs.harvard.edu/abs/2023PhRvL.131k1001N},
      adsnote = {Provided by the SAO/NASA Astrophysics Data System}
}

@ARTICLE{2022PhRvD.106j3530P,
       author = {{Porredon}, A. and {Crocce}, M. and {Elvin-Poole}, J. and {Cawthon}, R. and {Giannini}, G. and {De Vicente}, J. and {Carnero Rosell}, A. and {Ferrero}, I. and {Krause}, E. and {Fang}, X. and {Prat}, J. and {Rodriguez-Monroy}, M. and {Pandey}, S. and {Pocino}, A. and {Castander}, F.~J. and {Choi}, A. and {Amon}, A. and {Tutusaus}, I. and {Dodelson}, S. and {Sevilla-Noarbe}, I. and {Fosalba}, P. and {Gaztanaga}, E. and {Alarcon}, A. and {Alves}, O. and {Andrade-Oliveira}, F. and {Baxter}, E. and {Bechtol}, K. and {Becker}, M.~R. and {Bernstein}, G.~M. and {Blazek}, J. and {Camacho}, H. and {Campos}, A. and {Carrasco Kind}, M. and {Chintalapati}, P. and {Cordero}, J. and {DeRose}, J. and {Di Valentino}, E. and {Doux}, C. and {Eifler}, T.~F. and {Everett}, S. and {Fert{\'e}}, A. and {Friedrich}, O. and {Gatti}, M. and {Gruen}, D. and {Harrison}, I. and {Hartley}, W.~G. and {Herner}, K. and {Huff}, E.~M. and {Huterer}, D. and {Jain}, B. and {Jarvis}, M. and {Lee}, S. and {Lemos}, P. and {MacCrann}, N. and {Mena-Fern{\'a}ndez}, J. and {Muir}, J. and {Myles}, J. and {Park}, Y. and {Raveri}, M. and {Rosenfeld}, R. and {Ross}, A.~J. and {Rykoff}, E.~S. and {Samuroff}, S. and {S{\'a}nchez}, C. and {Sanchez}, E. and {Sanchez}, J. and {Sanchez Cid}, D. and {Scolnic}, D. and {Secco}, L.~F. and {Sheldon}, E. and {Troja}, A. and {Troxel}, M.~A. and {Weaverdyck}, N. and {Yanny}, B. and {Zuntz}, J. and {Abbott}, T.~M.~C. and {Aguena}, M. and {Allam}, S. and {Annis}, J. and {Avila}, S. and {Bacon}, D. and {Bertin}, E. and {Bhargava}, S. and {Brooks}, D. and {Buckley-Geer}, E. and {Burke}, D.~L. and {Carretero}, J. and {Costanzi}, M. and {da Costa}, L.~N. and {Pereira}, M.~E.~S. and {Davis}, T.~M. and {Desai}, S. and {Diehl}, H.~T. and {Dietrich}, J.~P. and {Doel}, P. and {Drlica-Wagner}, A. and {Eckert}, K. and {Evrard}, A.~E. and {Flaugher}, B. and {Frieman}, J. and {Garc{\'\i}a-Bellido}, J. and {Gerdes}, D.~W. and {Giannantonio}, T. and {Gruendl}, R.~A. and {Gschwend}, J. and {Gutierrez}, G. and {Hinton}, S.~R. and {Hollowood}, D.~L. and {Honscheid}, K. and {Hoyle}, B. and {James}, D.~J. and {Kuehn}, K. and {Kuropatkin}, N. and {Lahav}, O. and {Lidman}, C. and {Lima}, M. and {Lin}, H. and {Maia}, M.~A.~G. and {Marshall}, J.~L. and {Martini}, P. and {Melchior}, P. and {Menanteau}, F. and {Miquel}, R. and {Mohr}, J.~J. and {Morgan}, R. and {Ogando}, R.~L.~C. and {Palmese}, A. and {Paz-Chinch{\'o}n}, F. and {Petravick}, D. and {Pieres}, A. and {Plazas Malag{\'o}n}, A.~A. and {Romer}, A.~K. and {Santiago}, B. and {Scarpine}, V. and {Schubnell}, M. and {Serrano}, S. and {Smith}, M. and {Soares-Santos}, M. and {Suchyta}, E. and {Tarle}, G. and {Thomas}, D. and {To}, C. and {Varga}, T.~N. and {Weller}, J. and {DES Collaboration}},
        title = "{Dark Energy Survey Year 3 results: Cosmological constraints from galaxy clustering and galaxy-galaxy lensing using the MAGLIM lens sample}",
      journal = {\prd},
     keywords = {Astrophysics - Cosmology and Nongalactic Astrophysics},
         year = 2022,
        month = nov,
       volume = {106},
       number = {10},
          eid = {103530},
        pages = {103530},
          doi = {10.1103/PhysRevD.106.103530},
archivePrefix = {arXiv},
       eprint = {2105.13546},
 primaryClass = {astro-ph.CO},
       adsurl = {https://ui.adsabs.harvard.edu/abs/2022PhRvD.106j3530P},
      adsnote = {Provided by the SAO/NASA Astrophysics Data System}
}

@ARTICLE{2018JOSS....3..695M,
       author = {{Green}, {Gregory M.}},
        title = "{dustmaps: A Python interface for maps of interstellar dust}",
      journal = {The Journal of Open Source Software},
         year = "2018",
        month = "Jun",
       volume = {3},
       number = {26},
        pages = {695},
          doi = {10.21105/joss.00695},
       adsurl = {https://ui.adsabs.harvard.edu/abs/2018JOSS....3..695G},
      adsnote = {Provided by the SAO/NASA Astrophysics Data System}
}