@ARTICLE{1985ApJ...293..192F,
       author = {{Feigelson}, E.~D. and {Nelson}, P.~I.},
        title = "{Statistical methods for astronomical data with upper limits. I. Univariate distributions.}",
      journal = {\apj},
     keywords = {Multivariate Statistical Analysis, Radio Astronomy, X Ray Astronomy, Error Analysis, Galaxies, Maximum Likelihood Estimates, Radio Sources (Astronomy), Astrophysics},
         year = 1985,
        month = jun,
       volume = {293},
        pages = {192-206},
          doi = {10.1086/163225},
       adsurl = {https://ui.adsabs.harvard.edu/abs/1985ApJ...293..192F},
      adsnote = {Provided by the SAO/NASA Astrophysics Data System}
}

@dataset{VisionCatalogue19,
       author = {{Grossschedl}, J.~E. and {Alves}, J. and {Teixeira}, P.~S. and {Bouy}, H. and {Forbrich}, J. and {Lada}, C.~J. and {Meingast}, S. and {Hacar}, A. and {Ascenso}, J. and {Ackerl}, C. and {Hasenberger}, B. and {Kohler}, R. and {Kubiak}, K. and {Larreina}, I. and {Linhardt}, L. and {Lombardi}, M. and {Moller}, T.},
        title = "{VizieR Online Data Catalog: Vienna survey in Orion. III. (Grossschedl+, 2019)}",
 howpublished = {VizieR On-line Data Catalog: J/A+A/622/A149. Originally published in: 2019A\&A...622A.149G},
         year = 2020,
        month = nov,
          eid = {J/A+A/622/A149},
          doi = {10.26093/cds/vizier.36220149},
       adsurl = {https://ui.adsabs.harvard.edu/abs/2020yCat..36220149G},
      adsnote = {Provided by the SAO/NASA Astrophysics Data System}
}

@ARTICLE{Meingast16,
       author = {{Meingast}, Stefan and {Alves}, Jo{\~a}o and {Mardones}, Diego and {Teixeira}, Paula Stella and {Lombardi}, Marco and {Gro{\ss}schedl}, Josefa and {Ascenso}, Joana and {Bouy}, Herve and {Forbrich}, Jan and {Goodman}, Alyssa and {Hacar}, Alvaro and {Hasenberger}, Birgit and {Kainulainen}, Jouni and {Kubiak}, Karolina and {Lada}, Charles and {Lada}, Elizabeth and {Moitinho}, Andr{\'e} and {Petr-Gotzens}, Monika and {Rodrigues}, Lara and {Rom{\'a}n-Z{\'u}{\~n}iga}, Carlos G.},
        title = "{VISION - Vienna survey in Orion. I. VISTA Orion A Survey}",
      journal = {\aap},
     keywords = {techniques: image processing, methods: data analysis, stars: formation, stars: pre-main sequence, Astrophysics - Astrophysics of Galaxies, Astrophysics - Solar and Stellar Astrophysics},
         year = 2016,
        month = mar,
       volume = {587},
          eid = {A153},
        pages = {A153},
          doi = {10.1051/0004-6361/201527160},
archivePrefix = {arXiv},
       eprint = {1601.01687},
 primaryClass = {astro-ph.GA},
       adsurl = {https://ui.adsabs.harvard.edu/abs/2016A&A...587A.153M},
      adsnote = {Provided by the SAO/NASA Astrophysics Data System}
}



@article{van_Terwisga_2022,
	doi = {10.1051/0004-6361/202141913},
  
	url = {https://doi.org/10.1051%2F0004-6361%2F202141913},
  
	year = 2022,
	month = {may},
  
	publisher = {{EDP} Sciences},
  
	volume = {661},
  
	pages = {A53},
  
	author = {S. E. van Terwisga and A. Hacar and E. F. van Dishoeck and R. Oonk and S. Portegies Zwart},
  
	title = {Survey of Orion Disks with {ALMA} ({SODA})},
  
	journal = {Astronomy \& Astrophysics}
}

@misc{vanterwisga2023survey,
      title={Survey of Orion Disks with ALMA (SODA) II: UV-driven disk mass loss in L1641 and L1647}, 
      author={S. E. van Terwisga and A. Hacar},
      year={2023},
      eprint={2304.05777},
      archivePrefix={arXiv},
      primaryClass={astro-ph.EP}
}

@ARTICLE{Xin23,
       author = {{Xin}, Z. and {Espaillat}, C.~C. and {Rilinger}, A.~M. and {Ribas}, {\'A}. and {Mac{\'\i}as}, E.},
        title = "{Measuring the Dust Masses of Protoplanetary Disks in Lupus with ALMA: Evidence That Disks Can Be Optically Thick at 3 mm}",
      journal = {\apj},
     keywords = {Protoplanetary disks, T Tauri stars, Neural networks, 1300, 1681, 1933, Astrophysics - Solar and Stellar Astrophysics, Astrophysics - Earth and Planetary Astrophysics},
         year = 2023,
        month = jan,
       volume = {942},
       number = {1},
          eid = {4},
        pages = {4},
          doi = {10.3847/1538-4357/aca52b},
archivePrefix = {arXiv},
       eprint = {2212.00599},
 primaryClass = {astro-ph.SR},
       adsurl = {https://ui.adsabs.harvard.edu/abs/2023ApJ...942....4X},
      adsnote = {Provided by the SAO/NASA Astrophysics Data System}
}

@ARTICLE{2016A&A...587A.153M,
       author = {{Meingast}, Stefan and {Alves}, Jo{\~a}o and {Mardones}, Diego and {Teixeira}, Paula Stella and {Lombardi}, Marco and {Gro{\ss}schedl}, Josefa and {Ascenso}, Joana and {Bouy}, Herve and {Forbrich}, Jan and {Goodman}, Alyssa and {Hacar}, Alvaro and {Hasenberger}, Birgit and {Kainulainen}, Jouni and {Kubiak}, Karolina and {Lada}, Charles and {Lada}, Elizabeth and {Moitinho}, Andr{\'e} and {Petr-Gotzens}, Monika and {Rodrigues}, Lara and {Rom{\'a}n-Z{\'u}{\~n}iga}, Carlos G.},
        title = "{VISION - Vienna survey in Orion. I. VISTA Orion A Survey}",
      journal = {\aap},
     keywords = {techniques: image processing, methods: data analysis, stars: formation, stars: pre-main sequence, Astrophysics - Astrophysics of Galaxies, Astrophysics - Solar and Stellar Astrophysics},
         year = 2016,
        month = mar,
       volume = {587},
          eid = {A153},
        pages = {A153},
          doi = {10.1051/0004-6361/201527160},
archivePrefix = {arXiv},
       eprint = {1601.01687},
 primaryClass = {astro-ph.GA},
       adsurl = {https://ui.adsabs.harvard.edu/abs/2016A&A...587A.153M},
      adsnote = {Provided by the SAO/NASA Astrophysics Data System}
}

@ARTICLE{2019A&A...622A.149G,
       author = {{Gro{\ss}schedl}, Josefa Elisabeth and {Alves}, Jo{\~a}o and {Teixeira}, Paula S. and {Bouy}, Herv{\'e} and {Forbrich}, Jan and {Lada}, Charles J. and {Meingast}, Stefan and {Hacar}, {\'A}lvaro and {Ascenso}, Joana and {Ackerl}, Christine and {Hasenberger}, Birgit and {K{\"o}hler}, Rainer and {Kubiak}, Karolina and {Larreina}, Irati and {Linhardt}, Lorenz and {Lombardi}, Marco and {M{\"o}ller}, Torsten},
        title = "{VISION - Vienna survey in Orion. III. Young stellar objects in Orion A}",
      journal = {\aap},
     keywords = {methods: observational, stars: formation, stars: pre-main sequence, ISM: clouds, infrared: stars, methods: statistical, Astrophysics - Solar and Stellar Astrophysics, Astrophysics - Astrophysics of Galaxies},
         year = 2019,
        month = feb,
       volume = {622},
          eid = {A149},
        pages = {A149},
          doi = {10.1051/0004-6361/201832577},
archivePrefix = {arXiv},
       eprint = {1810.00878},
 primaryClass = {astro-ph.SR},
       adsurl = {https://ui.adsabs.harvard.edu/abs/2019A&A...622A.149G},
      adsnote = {Provided by the SAO/NASA Astrophysics Data System}
}

@ARTICLE{Holman99,
       author = {{Holman}, Matthew J. and {Wiegert}, Paul A.},
        title = "{Long-Term Stability of Planets in Binary Systems}",
      journal = {\aj},
     keywords = {STARS: BINARIES: GENERAL, CELESTIAL MECHANICS, STELLAR DYNAMICS, STARS: PLANETARY SYSTEMS, Astrophysics},
         year = 1999,
        month = jan,
       volume = {117},
       number = {1},
        pages = {621-628},
          doi = {10.1086/300695},
archivePrefix = {arXiv},
       eprint = {astro-ph/9809315},
 primaryClass = {astro-ph},
       adsurl = {https://ui.adsabs.harvard.edu/abs/1999AJ....117..621H},
      adsnote = {Provided by the SAO/NASA Astrophysics Data System}
}

@ARTICLE{Adams06,
       author = {{Adams}, Fred C. and {Proszkow}, Eva M. and {Fatuzzo}, Marco and {Myers}, Philip C.},
        title = "{Early Evolution of Stellar Groups and Clusters: Environmental Effects on Forming Planetary Systems}",
      journal = {\apj},
     keywords = {Galaxy: Open Clusters and Associations: General, Planets and Satellites: Formation, Stars: Formation, Astrophysics},
         year = 2006,
        month = apr,
       volume = {641},
       number = {1},
        pages = {504-525},
          doi = {10.1086/500393},
archivePrefix = {arXiv},
       eprint = {astro-ph/0512330},
 primaryClass = {astro-ph},
       adsurl = {https://ui.adsabs.harvard.edu/abs/2006ApJ...641..504A},
      adsnote = {Provided by the SAO/NASA Astrophysics Data System}
}

@ARTICLE{Duchene10,
       author = {{Duch{\^e}ne}, G.},
        title = "{Planet Formation in Binary Systems: A Separation-Dependent Mechanism?}",
      journal = {\apjl},
     keywords = {binaries: general, planetary systems, planets and satellites: formation, protoplanetary disks, Astrophysics - Solar and Stellar Astrophysics},
         year = 2010,
        month = feb,
       volume = {709},
       number = {2},
        pages = {L114-L118},
          doi = {10.1088/2041-8205/709/2/L114},
archivePrefix = {arXiv},
       eprint = {0912.3025},
 primaryClass = {astro-ph.SR},
       adsurl = {https://ui.adsabs.harvard.edu/abs/2010ApJ...709L.114D},
      adsnote = {Provided by the SAO/NASA Astrophysics Data System}
}

@ARTICLE{Bonavita07,
       author = {{Bonavita}, M. and {Desidera}, S.},
        title = "{The frequency of planets in multiple systems}",
      journal = {\aap},
     keywords = {stars: planetary systems, stars: binaries: general, Astrophysics},
         year = 2007,
        month = jun,
       volume = {468},
       number = {2},
        pages = {721-729},
          doi = {10.1051/0004-6361:20066671},
archivePrefix = {arXiv},
       eprint = {astro-ph/0703754},
 primaryClass = {astro-ph},
       adsurl = {https://ui.adsabs.harvard.edu/abs/2007A&A...468..721B},
      adsnote = {Provided by the SAO/NASA Astrophysics Data System}
}

@ARTICLE{Chen13,
       author = {{Chen}, Xuepeng and {Arce}, H{\'e}ctor G. and {Zhang}, Qizhou and {Bourke}, Tyler L. and {Launhardt}, Ralf and {J{\o}rgensen}, Jes K. and {Lee}, Chin-Fei and {Foster}, Jonathan B. and {Dunham}, Michael M. and {Pineda}, Jaime E. and {Henning}, Thomas},
        title = "{SMA Observations of Class 0 Protostars: A High Angular Resolution Survey of Protostellar Binary Systems}",
      journal = {\apj},
     keywords = {binaries: general, dust, extinction, ISM: clouds, stars: formation, techniques: interferometric, Astrophysics - Solar and Stellar Astrophysics},
         year = 2013,
        month = may,
       volume = {768},
       number = {2},
          eid = {110},
        pages = {110},
          doi = {10.1088/0004-637X/768/2/110},
archivePrefix = {arXiv},
       eprint = {1304.0436},
 primaryClass = {astro-ph.SR},
       adsurl = {https://ui.adsabs.harvard.edu/abs/2013ApJ...768..110C},
      adsnote = {Provided by the SAO/NASA Astrophysics Data System}
}

@ARTICLE{Kroupa95,
       author = {{Kroupa}, Pavel},
        title = "{Inverse dynamical population synthesis and star formation}",
      journal = {\mnras},
     keywords = {Astrophysics},
         year = 1995,
        month = dec,
       volume = {277},
        pages = {1491},
          doi = {10.1093/mnras/277.4.1491},
archivePrefix = {arXiv},
       eprint = {astro-ph/9508117},
 primaryClass = {astro-ph},
       adsurl = {https://ui.adsabs.harvard.edu/abs/1995MNRAS.277.1491K},
      adsnote = {Provided by the SAO/NASA Astrophysics Data System}
}

@ARTICLE{Marks14,
       author = {{Marks}, Michael and {Leigh}, Nathan and {Giersz}, Mirek and {Pfalzner}, Susanne and {Pflamm-Altenburg}, Jan and {Oh}, Seungkyung},
        title = "{Revisiting the universality of (multiple) star formation in present-day star formation regions}",
      journal = {\mnras},
     keywords = {methods: data analysis, methods: statistical, binaries: general, stars: formation, stars: kinematics and dynamics, Astrophysics - Astrophysics of Galaxies, Astrophysics - Instrumentation and Methods for Astrophysics},
         year = 2014,
        month = jul,
       volume = {441},
       number = {4},
        pages = {3503-3512},
          doi = {10.1093/mnras/stu798},
archivePrefix = {arXiv},
       eprint = {1405.3984},
 primaryClass = {astro-ph.GA},
       adsurl = {https://ui.adsabs.harvard.edu/abs/2014MNRAS.441.3503M},
      adsnote = {Provided by the SAO/NASA Astrophysics Data System}
}

@INPROCEEDINGS{Larson01,
       author = {{Larson}, Richard B.},
        title = "{Implications of Binary Properties for Theories of Star Formation}",
     keywords = {Astrophysics},
    booktitle = {The Formation of Binary Stars},
         year = 2001,
       editor = {{Zinnecker}, H. and {Mathieu}, R.},
       volume = {200},
        month = jan,
        pages = {93},
          doi = {10.48550/arXiv.astro-ph/0006288},
archivePrefix = {arXiv},
       eprint = {astro-ph/0006288},
 primaryClass = {astro-ph},
       adsurl = {https://ui.adsabs.harvard.edu/abs/2001IAUS..200...93L},
      adsnote = {Provided by the SAO/NASA Astrophysics Data System}
}

@INPROCEEDINGS{Pinte23,
       author = {{Pinte}, C. and {Teague}, R. and {Flaherty}, K. and {Hall}, C. and {Facchini}, S. and {Casassus}, S.},
        title = "{Kinematic Structures in Planet-Forming Disks}",
     keywords = {Astrophysics - Earth and Planetary Astrophysics, Astrophysics - Instrumentation and Methods for Astrophysics, Astrophysics - Solar and Stellar Astrophysics},
    booktitle = {Protostars and Planets VII},
         year = 2023,
       editor = {{Inutsuka}, S. and {Aikawa}, Y. and {Muto}, T. and {Tomida}, K. and {Tamura}, M.},
       series = {Astronomical Society of the Pacific Conference Series},
       volume = {534},
        month = jul,
        pages = {645},
          doi = {10.48550/arXiv.2203.09528},
archivePrefix = {arXiv},
       eprint = {2203.09528},
 primaryClass = {astro-ph.EP},
       adsurl = {https://ui.adsabs.harvard.edu/abs/2023ASPC..534..645P},
      adsnote = {Provided by the SAO/NASA Astrophysics Data System}
}

@ARTICLE{Lesur22,
       author = {{Lesur}, G. and {Ercolano}, B. and {Flock}, M. and {Lin}, M. -K. and {Yang}, C. -C. and {Barranco}, J.~A. and {Benitez-Llambay}, P. and {Goodman}, J. and {Johansen}, A. and {Klahr}, H. and {Laibe}, G. and {Lyra}, W. and {Marcus}, P. and {Nelson}, R.~P. and {Squire}, J. and {Simon}, J.~B. and {Turner}, N. and {Umurhan}, O.~M. and {Youdin}, A.~N.},
        title = "{Hydro-, Magnetohydro-, and Dust-Gas Dynamics of Protoplanetary Disks}",
      journal = {arXiv e-prints},
     keywords = {Astrophysics - Earth and Planetary Astrophysics, Astrophysics - Solar and Stellar Astrophysics},
         year = 2022,
        month = mar,
          eid = {arXiv:2203.09821},
        pages = {arXiv:2203.09821},
          doi = {10.48550/arXiv.2203.09821},
archivePrefix = {arXiv},
       eprint = {2203.09821},
 primaryClass = {astro-ph.EP},
       adsurl = {https://ui.adsabs.harvard.edu/abs/2022arXiv220309821L},
      adsnote = {Provided by the SAO/NASA Astrophysics Data System}
}

@ARTICLE{Espaillat22,
       author = {{Espaillat}, C.~C. and {Herczeg}, G.~J. and {Thanathibodee}, T. and {Pittman}, C. and {Calvet}, N. and {Arulanantham}, N. and {France}, K. and {Serna}, Javier and {Hern{\'a}ndez}, J. and {K{\'o}sp{\'a}l}, {\'A}. and {Walter}, F.~M. and {Frasca}, A. and {Fischer}, W.~J. and {Johns-Krull}, C.~M. and {Schneider}, P.~C. and {Robinson}, C. and {Edwards}, Suzan and {{\'A}brah{\'a}m}, P. and {Fang}, Min and {Erkal}, J. and {Manara}, C.~F. and {Alcal{\'a}}, J.~M. and {Alecian}, E. and {Alexander}, R.~D. and {Alonso-Santiago}, J. and {Antoniucci}, Simone and {Ardila}, David R. and {Banzatti}, Andrea and {Benisty}, M. and {Bergin}, Edwin A. and {Biazzo}, Katia and {Brice{\~n}o}, C{\'e}sar and {Campbell-White}, Justyn and {Cleeves}, L. Ilsedore and {Coffey}, Deirdre and {Eisl{\"o}ffel}, Jochen and {Facchini}, Stefano and {Fedele}, D. and {Fiorellino}, Eleonora and {Froebrich}, Dirk and {Gangi}, Manuele and {Giannini}, Teresa and {Grankin}, K. and {G{\"u}nther}, Hans Moritz and {Guo}, Zhen and {Hartmann}, Lee and {Hillenbrand}, Lynne A. and {Hinton}, P.~C. and {Kastner}, Joel H. and {Koen}, Chris and {Mauc{\'o}}, K. and {Mendigut{\'\i}a}, I. and {Nisini}, B. and {Panwar}, Neelam and {Principe}, D.~A. and {Robberto}, Massimo and {Sicilia-Aguilar}, A. and {Valenti}, Jeff A. and {Wendeborn}, J. and {Williams}, Jonathan P. and {Xu}, Ziyan and {Yadav}, R.~K.},
        title = "{The ODYSSEUS Survey. Motivation and First Results: Accretion, Ejection, and Disk Irradiation of CVSO 109}",
      journal = {\aj},
     keywords = {1579, 241, 1300, 1569, 1289, Astrophysics - Solar and Stellar Astrophysics, Astrophysics - Earth and Planetary Astrophysics},
         year = 2022,
        month = mar,
       volume = {163},
       number = {3},
          eid = {114},
        pages = {114},
          doi = {10.3847/1538-3881/ac479d},
archivePrefix = {arXiv},
       eprint = {2201.06502},
 primaryClass = {astro-ph.SR},
       adsurl = {https://ui.adsabs.harvard.edu/abs/2022AJ....163..114E},
      adsnote = {Provided by the SAO/NASA Astrophysics Data System}
}

@article{Kelly_2007,
   title={Some Aspects of Measurement Error in Linear Regression of Astronomical Data},
   volume={665},
   ISSN={1538-4357},
   url={http://dx.doi.org/10.1086/519947},
   DOI={10.1086/519947},
   number={2},
   journal={The Astrophysical Journal},
   publisher={American Astronomical Society},
   author={Kelly, Brandon C.},
   year={2007},
   month=aug, pages={1489–1506} }

@article{Tobin_2022,
doi = {10.3847/1538-4357/ac36d2},
url = {https://dx.doi.org/10.3847/1538-4357/ac36d2},
year = {2022},
month = {jan},
publisher = {The American Astronomical Society},
volume = {925},
number = {1},
pages = {39},
author = {John J. Tobin and Stella S. R. Offner and Kaitlin M. Kratter and S. Thomas Megeath and Patrick D. Sheehan and Leslie W. Looney and Ana Karla Diaz-Rodriguez and Mayra Osorio and Guillem Anglada and Sarah I. Sadavoy and Elise Furlan and Dominique Segura-Cox and Nicole Karnath and Merel L. R. van ’t Hoff and Ewine F. van Dishoeck and Zhi-Yun Li and Rajeeb Sharma and Amelia M. Stutz and Łukasz Tychoniec},
title = {The VLA/ALMA Nascent Disk And Multiplicity (VANDAM) Survey of Orion Protostars. V. A Characterization of Protostellar Multiplicity},
journal = {The Astrophysical Journal},
abstract = {We characterize protostellar multiplicity in the Orion molecular clouds using Atacama Large Millimeter/submillimeter Array 0.87 mm and Very Large Array 9 mm continuum surveys toward 328 protostars. These observations are sensitive to projected spatial separations as small as ∼20 au, and we consider source separations up to 104 au as potential companions. The overall multiplicity fraction (MF) and companion fraction (CF) for the Orion protostars are 0.30 ± 0.03 and 0.44 ± 0.03, respectively, considering separations from 20 to 104 au. The MFs and CFs are corrected for potential contamination by unassociated young stars using a probabilistic scheme based on the surface density of young stars around each protostar. The companion separation distribution as a whole is double peaked and inconsistent with the separation distribution of solar-type field stars, while the separation distribution of Flat Spectrum protostars is consistent solar-type field stars. The multiplicity statistics and companion separation distributions of the Perseus star-forming region are consistent with those of Orion. Based on the observed peaks in the Class 0 separations at ∼100 au and ∼103 au, we argue that multiples with separations &lt;500 au are likely produced by both disk fragmentation and turbulent fragmentation with migration, and those at ≳103 au result primarily from turbulent fragmentation. We also find that MFs/CFs may rise from Class 0 to Flat Spectrum protostars between 100 and 103 au in regions of high young stellar object density. This finding may be evidence for the migration of companions from &gt;103 au to &lt;103 au, and that some companions between 103 and 104 au must be (or become) unbound.}
}

@ARTICLE{Grosschedl18_3D,
       author = {{Gro{\ss}schedl}, Josefa E. and {Alves}, Jo{\~a}o and {Meingast}, Stefan and {Ackerl}, Christine and {Ascenso}, Joana and {Bouy}, Herv{\'e} and {Burkert}, Andreas and {Forbrich}, Jan and {F{\"u}rnkranz}, Verena and {Goodman}, Alyssa and {Hacar}, {\'A}lvaro and {Herbst-Kiss}, Gabor and {Lada}, Charles J. and {Larreina}, Irati and {Leschinski}, Kieran and {Lombardi}, Marco and {Moitinho}, Andr{\'e} and {Mortimer}, Daniel and {Zari}, Eleonora},
        title = "{3D shape of Orion A from Gaia DR2}",
      journal = {\aap},
     keywords = {methods: statistical, methods: observational, parallaxes, stars: distances, stars: formation, local insterstellar matter, Astrophysics - Astrophysics of Galaxies},
         year = 2018,
        month = nov,
       volume = {619},
          eid = {A106},
        pages = {A106},
          doi = {10.1051/0004-6361/201833901},
archivePrefix = {arXiv},
       eprint = {1808.05952},
 primaryClass = {astro-ph.GA},
       adsurl = {https://ui.adsabs.harvard.edu/abs/2018A&A...619A.106G},
      adsnote = {Provided by the SAO/NASA Astrophysics Data System}
}

@ARTICLE{2012AJ....144..192M,
       author = {{Megeath}, S.~T. and {Gutermuth}, R. and {Muzerolle}, J. and {Kryukova}, E. and {Flaherty}, K. and {Hora}, J.~L. and {Allen}, L.~E. and {Hartmann}, L. and {Myers}, P.~C. and {Pipher}, J.~L. and {Stauffer}, J. and {Young}, E.~T. and {Fazio}, G.~G.},
        title = "{The Spitzer Space Telescope Survey of the Orion A and B Molecular Clouds. I. A Census of Dusty Young Stellar Objects and a Study of Their Mid-infrared Variability}",
      journal = {\aj},
     keywords = {infrared: stars, ISM: individual objects: Orion A Orion B, stars: formation, stars: variables: T Tauri, Herbig Ae/Be, Astrophysics - Astrophysics of Galaxies},
         year = 2012,
        month = dec,
       volume = {144},
       number = {6},
          eid = {192},
        pages = {192},
          doi = {10.1088/0004-6256/144/6/192},
archivePrefix = {arXiv},
       eprint = {1209.3826},
 primaryClass = {astro-ph.GA},
       adsurl = {https://ui.adsabs.harvard.edu/abs/2012AJ....144..192M},
      adsnote = {Provided by the SAO/NASA Astrophysics Data System}
}

@ARTICLE{Zurlo21,
       author = {{Zurlo}, Alice and {Cieza}, Lucas A. and {Ansdell}, Megan and {Christiaens}, Valentin and {P{\'e}rez}, Sebasti{\'a}n and {Lovell}, Josh and {Mesa}, Dino and {Williams}, Jonathan P. and {Gonzalez-Ruilova}, Camilo and {Carraro}, Rosamaria and {Ru{\'\i}z-Rodr{\'\i}guez}, Dary and {Wyatt}, Mark},
        title = "{The effect of stellar multiplicity on protoplanetary discs: a near-infrared survey of the Lupus star-forming region}",
      journal = {\mnras},
     keywords = {instrumentation: adaptive optics, instrumentation: interferometers, methods: statistical, planets and satellites: physical evolution, protoplanetary discs, binaries: visual, Astrophysics - Earth and Planetary Astrophysics, Astrophysics - Astrophysics of Galaxies, Astrophysics - Instrumentation and Methods for Astrophysics, Astrophysics - Solar and Stellar Astrophysics},
         year = 2021,
        month = feb,
       volume = {501},
       number = {2},
        pages = {2305-2315},
          doi = {10.1093/mnras/staa3674},
archivePrefix = {arXiv},
       eprint = {2011.12297},
 primaryClass = {astro-ph.EP},
       adsurl = {https://ui.adsabs.harvard.edu/abs/2021MNRAS.501.2305Z},
      adsnote = {Provided by the SAO/NASA Astrophysics Data System}
}

@article{Barenfeld_2019,
doi = {10.3847/1538-4357/ab1e50},
url = {https://dx.doi.org/10.3847/1538-4357/ab1e50},
year = {2019},
month = {jun},
publisher = {The American Astronomical Society},
volume = {878},
number = {1},
pages = {45},
author = {Scott A. Barenfeld and John M. Carpenter and Anneila I. Sargent and Aaron C. Rizzuto and Adam L. Kraus and Tiffany Meshkat and Rachel L. Akeson and Eric L. N. Jensen and Sasha Hinkley},
title = {The Effect of Binarity on Circumstellar Disk Evolution},
journal = {The Astrophysical Journal}
}

@ARTICLE{Zagaria21,
       author = {{Zagaria}, Francesco and {Rosotti}, Giovanni P. and {Lodato}, Giuseppe},
        title = "{On dust evolution in planet-forming discs in binary systems - II. Comparison with Taurus and {\ensuremath{\rho}} Ophiuchus (sub-)millimetre observations: discs in binaries have small dust sizes}",
      journal = {\mnras},
     keywords = {accretion, accretion discs, opacity, planets and satellites: formation, protoplanetary discs, binaries: general, circumstellar matter, submillimetre: planetary systems, Astrophysics - Earth and Planetary Astrophysics, Astrophysics - Solar and Stellar Astrophysics},
         year = 2021,
        month = oct,
       volume = {507},
       number = {2},
        pages = {2531-2549},
          doi = {10.1093/mnras/stab2024},
archivePrefix = {arXiv},
       eprint = {2107.05268},
 primaryClass = {astro-ph.EP},
       adsurl = {https://ui.adsabs.harvard.edu/abs/2021MNRAS.507.2531Z},
      adsnote = {Provided by the SAO/NASA Astrophysics Data System}
}

@article{Harris_2012,
doi = {10.1088/0004-637X/751/2/115},
url = {https://dx.doi.org/10.1088/0004-637X/751/2/115},
year = {2012},
month = {may},
publisher = {The American Astronomical Society},
volume = {751},
number = {2},
pages = {115},
author = {Robert J. Harris and Sean M. Andrews and David J. Wilner and Adam L. Kraus},
title = {A RESOLVED CENSUS OF MILLIMETER EMISSION FROM TAURUS MULTIPLE STAR SYSTEMS},
journal = {The Astrophysical Journal}
}

@ARTICLE{Akeson14,
       author = {{Akeson}, R.~L. and {Jensen}, E.~L.~N.},
        title = "{Circumstellar Disks around Binary Stars in Taurus}",
      journal = {\apj},
     keywords = {binaries: general, protoplanetary disks, stars: formation, Astrophysics - Solar and Stellar Astrophysics, Astrophysics - Earth and Planetary Astrophysics},
         year = 2014,
        month = mar,
       volume = {784},
       number = {1},
          eid = {62},
        pages = {62},
          doi = {10.1088/0004-637X/784/1/62},
archivePrefix = {arXiv},
       eprint = {1402.5363},
 primaryClass = {astro-ph.SR},
       adsurl = {https://ui.adsabs.harvard.edu/abs/2014ApJ...784...62A},
      adsnote = {Provided by the SAO/NASA Astrophysics Data System}
}

@ARTICLE{Akeson19,
       author = {{Akeson}, R.~L. and {Jensen}, E.~L.~N. and {Carpenter}, J. and {Ricci}, L. and {Laos}, S. and {Nogueira}, N.~F. and {Suen-Lewis}, E.~M.},
        title = "{VizieR Online Data Catalog: Survey of Class II sources in Taurus with ALMA (Akeson+, 2019)}",
      journal = {VizieR Online Data Catalog},
     keywords = {YSOs, Stars: double and multiple, Photometry: millimetric/submm, Stars: masses, Stars: distances, Interferometry},
         year = 2020,
        month = aug,
          eid = {J/ApJ/872/158},
        pages = {J/ApJ/872/158},
       adsurl = {https://ui.adsabs.harvard.edu/abs/2020yCat..18720158A},
      adsnote = {Provided by the SAO/NASA Astrophysics Data System}
}

@ARTICLE{Manara19,
       author = {{Manara}, C.~F. and {Tazzari}, M. and {Long}, F. and {Herczeg}, G.~J. and {Lodato}, G. and {Rota}, A.~A. and {Cazzoletti}, P. and {van der Plas}, G. and {Pinilla}, P. and {Dipierro}, G. and {Edwards}, S. and {Harsono}, D. and {Johnstone}, D. and {Liu}, Y. and {Menard}, F. and {Nisini}, B. and {Ragusa}, E. and {Boehler}, Y. and {Cabrit}, S.},
        title = "{Observational constraints on dust disk sizes in tidally truncated protoplanetary disks in multiple systems in the Taurus region}",
      journal = {\aap},
     keywords = {protoplanetary disks, binaries: visual, binaries: general, stars: formation, stars: variables: T Tauri, Herbig Ae/Be, Astrophysics - Earth and Planetary Astrophysics, Astrophysics - Solar and Stellar Astrophysics},
         year = 2019,
        month = aug,
       volume = {628},
          eid = {A95},
        pages = {A95},
          doi = {10.1051/0004-6361/201935964},
archivePrefix = {arXiv},
       eprint = {1907.03846},
 primaryClass = {astro-ph.EP},
       adsurl = {https://ui.adsabs.harvard.edu/abs/2019A&A...628A..95M},
      adsnote = {Provided by the SAO/NASA Astrophysics Data System}
}

@ARTICLE{schoier05,
       author = {{Sch{\"o}ier}, F.~L. and {van der Tak}, F.~F.~S. and {van Dishoeck}, E.~F. and {Black}, J.~H.},
        title = "{An atomic and molecular database for analysis of submillimetre line observations}",
      journal = {\aap},
     keywords = {astronomical data bases: miscellaneous, atomic data, molecular data, radiative transfer, ISM: atoms, ISM: molecules, Astrophysics},
         year = 2005,
        month = mar,
       volume = {432},
       number = {1},
        pages = {369-379},
          doi = {10.1051/0004-6361:20041729},
archivePrefix = {arXiv},
       eprint = {astro-ph/0411110},
 primaryClass = {astro-ph},
       adsurl = {https://ui.adsabs.harvard.edu/abs/2005A&A...432..369S},
      adsnote = {Provided by the SAO/NASA Astrophysics Data System}
}


@ARTICLE{Molyarova17,
       author = {{Molyarova}, Tamara and {Akimkin}, Vitaly and {Semenov}, Dmitry and {Henning}, Thomas and {Vasyunin}, Anton and {Wiebe}, Dmitri},
        title = "{Gas Mass Tracers in Protoplanetary Disks: CO is Still the Best}",
      journal = {\apj},
     keywords = {astrochemistry, circumstellar matter, protoplanetary disks, Astrophysics - Earth and Planetary Astrophysics, Astrophysics - Astrophysics of Galaxies, Astrophysics - Solar and Stellar Astrophysics},
         year = 2017,
        month = nov,
       volume = {849},
       number = {2},
          eid = {130},
        pages = {130},
          doi = {10.3847/1538-4357/aa9227},
archivePrefix = {arXiv},
       eprint = {1710.02993},
 primaryClass = {astro-ph.EP},
       adsurl = {https://ui.adsabs.harvard.edu/abs/2017ApJ...849..130M},
      adsnote = {Provided by the SAO/NASA Astrophysics Data System}
}


@MISC{Dullemond12,
       author = {{Dullemond}, C.~P. and {Juhasz}, A. and {Pohl}, A. and {Sereshti}, F. and {Shetty}, R. and {Peters}, T. and {Commercon}, B. and {Flock}, M.},
        title = "{RADMC-3D: A multi-purpose radiative transfer tool}",
     keywords = {Software},
 howpublished = {Astrophysics Source Code Library, record ascl:1202.015},
         year = 2012,
        month = feb,
          eid = {ascl:1202.015},
        pages = {ascl:1202.015},
archivePrefix = {ascl},
       eprint = {1202.015},
       adsurl = {https://ui.adsabs.harvard.edu/abs/2012ascl.soft02015D},
      adsnote = {Provided by the SAO/NASA Astrophysics Data System}
}


@ARTICLE{Cox17,
       author = {{Cox}, Erin G. and {Harris}, Robert J. and {Looney}, Leslie W. and {Chiang}, Hsin-Fang and {Chandler}, Claire and {Kratter}, Kaitlin and {Li}, Zhi-Yun and {Perez}, Laura and {Tobin}, John J.},
        title = "{Protoplanetary Disks in {\ensuremath{\rho}} Ophiuchus as Seen from ALMA}",
      journal = {\apj},
     keywords = {protoplanetary disks, stars: formation, stars: pre-main sequence, Astrophysics - Solar and Stellar Astrophysics, Astrophysics - Astrophysics of Galaxies},
         year = 2017,
        month = dec,
       volume = {851},
       number = {2},
          eid = {83},
        pages = {83},
          doi = {10.3847/1538-4357/aa97e2},
archivePrefix = {arXiv},
       eprint = {1711.03974},
 primaryClass = {astro-ph.SR},
       adsurl = {https://ui.adsabs.harvard.edu/abs/2017ApJ...851...83C},
      adsnote = {Provided by the SAO/NASA Astrophysics Data System}
}


@ARTICLE{Andrews20,
       author = {{Andrews}, Sean M.},
        title = "{Observations of Protoplanetary Disk Structures}",
      journal = {\araa},
     keywords = {Astrophysics - Earth and Planetary Astrophysics, Astrophysics - Solar and Stellar Astrophysics},
         year = 2020,
        month = aug,
       volume = {58},
        pages = {483-528},
          doi = {10.1146/annurev-astro-031220-010302},
archivePrefix = {arXiv},
       eprint = {2001.05007},
 primaryClass = {astro-ph.EP},
       adsurl = {https://ui.adsabs.harvard.edu/abs/2020ARA&A..58..483A},
      adsnote = {Provided by the SAO/NASA Astrophysics Data System}
}

@ARTICLE{vanDishoeck88,
       author = {{van Dishoeck}, Ewine F. and {Black}, John H.},
        title = "{The Photodissociation and Chemistry of Interstellar CO}",
      journal = {\apj},
     keywords = {Carbon Monoxide, Interstellar Chemistry, Interstellar Gas, Photodissociation, Hydrogen, Isotope Effect, Radiation Distribution, Ultraviolet Absorption, Astrophysics, INTERSTELLAR: MATTER, INTERSTELLAR: MOLECULES, MOLECULAR PROCESSES},
         year = 1988,
        month = nov,
       volume = {334},
        pages = {771},
          doi = {10.1086/166877},
       adsurl = {https://ui.adsabs.harvard.edu/abs/1988ApJ...334..771V},
      adsnote = {Provided by the SAO/NASA Astrophysics Data System}
}

@ARTICLE{delValle12,
       author = {{del Valle}, Luciano and {Escala}, Andr{\'e}s},
        title = "{Binary-Disk Interaction: Gap-opening Criteria}",
      journal = {\apj},
     keywords = {binaries: general, black hole physics, galaxies: nuclei, hydrodynamics, methods: numerical, Astrophysics - Galaxy Astrophysics, Astrophysics - Cosmology and Extragalactic Astrophysics},
         year = 2012,
        month = dec,
       volume = {761},
       number = {1},
          eid = {31},
        pages = {31},
          doi = {10.1088/0004-637X/761/1/31},
archivePrefix = {arXiv},
       eprint = {1209.5988},
 primaryClass = {astro-ph.GA},
       adsurl = {https://ui.adsabs.harvard.edu/abs/2012ApJ...761...31D},
      adsnote = {Provided by the SAO/NASA Astrophysics Data System}
}


@INCOLLECTION{Artymowicz96,
       author = {{Artymowicz}, P. and {Lubow}, S.~H.},
        title = "{Interaction of Young Binaries with Protostellar Disks}",
    booktitle = {Disks and Outflows Around Young Stars},
         year = 1996,
       editor = {{Beckwith}, Steven and {Staude}, Jakob and {Quetz}, Axel and {Natta}, Antonella},
       volume = {465},
          eid = {242},
        pages = {242},
       adsurl = {https://ui.adsabs.harvard.edu/abs/1996LNP...465E.242A},
      adsnote = {Provided by the SAO/NASA Astrophysics Data System}
}

@ARTICLE{Artymowicz94,
       author = {{Artymowicz}, Pawel and {Lubow}, Stephen H.},
        title = "{Dynamics of Binary-Disk Interaction. I. Resonances and Disk Gap Sizes}",
      journal = {\apj},
     keywords = {Accretion Disks, Binary Stars, Orbital Resonances (Celestial Mechanics), Pre-Main Sequence Stars, Stellar Envelopes, Stellar Gravitation, Stellar Mass Accretion, Stellar Systems, Astronomical Spectroscopy, Stellar Models, Stellar Spectra, Astrophysics, ACCRETION, ACCRETION DISKS, STARS: BINARIES: CLOSE, STARS: PRE--MAIN-SEQUENCE},
         year = 1994,
        month = feb,
       volume = {421},
        pages = {651},
          doi = {10.1086/173679},
       adsurl = {https://ui.adsabs.harvard.edu/abs/1994ApJ...421..651A},
      adsnote = {Provided by the SAO/NASA Astrophysics Data System}
}

@ARTICLE{Ronco21,
       author = {{Ronco}, Mar{\'\i}a Paula and {Guilera}, Octavio M. and {Cuadra}, Jorge and {Miller Bertolami}, Marcelo M. and {Cuello}, Nicol{\'a}s and {Fontecilla}, Camilo and {Poblete}, Pedro and {Bayo}, Amelia},
        title = "{Long Live the Disk: Lifetimes of Protoplanetary Disks in Hierarchical Triple-star Systems and a Possible Explanation for HD 98800 B}",
      journal = {\apj},
     keywords = {Protoplanetary disks, 1300, Astrophysics - Earth and Planetary Astrophysics, Astrophysics - Solar and Stellar Astrophysics},
         year = 2021,
        month = aug,
       volume = {916},
       number = {2},
          eid = {113},
        pages = {113},
          doi = {10.3847/1538-4357/ac0438},
archivePrefix = {arXiv},
       eprint = {2105.09410},
 primaryClass = {astro-ph.EP},
       adsurl = {https://ui.adsabs.harvard.edu/abs/2021ApJ...916..113R},
      adsnote = {Provided by the SAO/NASA Astrophysics Data System}
}

@ARTICLE{Kraus11,
       author = {{Kraus}, Adam L. and {Ireland}, Michael J. and {Martinache}, Frantz and {Hillenbrand}, Lynne A.},
        title = "{Mapping the Shores of the Brown Dwarf Desert. II. Multiple Star Formation in Taurus-Auriga}",
      journal = {\apj},
     keywords = {binaries: general, brown dwarfs, stars: low-mass, stars: pre-main sequence, Astrophysics - Solar and Stellar Astrophysics},
         year = 2011,
        month = apr,
       volume = {731},
       number = {1},
          eid = {8},
        pages = {8},
          doi = {10.1088/0004-637X/731/1/8},
archivePrefix = {arXiv},
       eprint = {1101.4016},
 primaryClass = {astro-ph.SR},
       adsurl = {https://ui.adsabs.harvard.edu/abs/2011ApJ...731....8K},
      adsnote = {Provided by the SAO/NASA Astrophysics Data System}
}

@ARTICLE{Raghavan10_SF,
       author = {{Raghavan}, Deepak and {McAlister}, Harold A. and {Henry}, Todd J. and {Latham}, David W. and {Marcy}, Geoffrey W. and {Mason}, Brian D. and {Gies}, Douglas R. and {White}, Russel J. and {ten Brummelaar}, Theo A.},
        title = "{A Survey of Stellar Families: Multiplicity of Solar-type Stars}",
      journal = {\apjs},
     keywords = {binaries: general, planetary systems, stars: solar-type, stars: statistics, surveys, Astrophysics - Solar and Stellar Astrophysics},
         year = 2010,
        month = sep,
       volume = {190},
       number = {1},
        pages = {1-42},
          doi = {10.1088/0067-0049/190/1/1},
archivePrefix = {arXiv},
       eprint = {1007.0414},
 primaryClass = {astro-ph.SR},
       adsurl = {https://ui.adsabs.harvard.edu/abs/2010ApJS..190....1R},
      adsnote = {Provided by the SAO/NASA Astrophysics Data System}
}

@INPROCEEDINGS{Reipurth14,
       author = {{Reipurth}, B. and {Clarke}, C.~J. and {Boss}, A.~P. and {Goodwin}, S.~P. and {Rodr{\'\i}guez}, L.~F. and {Stassun}, K.~G. and {Tokovinin}, A. and {Zinnecker}, H.},
        title = "{Multiplicity in Early Stellar Evolution}",
     keywords = {Astrophysics - Solar and Stellar Astrophysics},
    booktitle = {Protostars and Planets VI},
         year = 2014,
       editor = {{Beuther}, Henrik and {Klessen}, Ralf S. and {Dullemond}, Cornelis P. and {Henning}, Thomas},
        month = jan,
        pages = {267-290},
          doi = {10.2458/azu_uapress_9780816531240-ch012},
archivePrefix = {arXiv},
       eprint = {1403.1907},
 primaryClass = {astro-ph.SR},
       adsurl = {https://ui.adsabs.harvard.edu/abs/2014prpl.conf..267R},
      adsnote = {Provided by the SAO/NASA Astrophysics Data System}
}

@ARTICLE{Bate18,
       author = {{Bate}, Matthew R.},
        title = "{On the diversity and statistical properties of protostellar discs}",
      journal = {\mnras},
     keywords = {accretion, accretion discs, hydrodynamics, radiative transfer, methods: numerical, protoplanetary discs, stars: formation, Astrophysics - Solar and Stellar Astrophysics, Astrophysics - Earth and Planetary Astrophysics},
         year = 2018,
        month = apr,
       volume = {475},
       number = {4},
        pages = {5618-5658},
          doi = {10.1093/mnras/sty169},
archivePrefix = {arXiv},
       eprint = {1801.07721},
 primaryClass = {astro-ph.SR},
       adsurl = {https://ui.adsabs.harvard.edu/abs/2018MNRAS.475.5618B},
      adsnote = {Provided by the SAO/NASA Astrophysics Data System}
}

@ARTICLE{Duchene13,
       author = {{Duch{\^e}ne}, Gaspard and {Kraus}, Adam},
        title = "{Stellar Multiplicity}",
      journal = {\araa},
     keywords = {Astrophysics - Solar and Stellar Astrophysics},
         year = 2013,
        month = aug,
       volume = {51},
       number = {1},
        pages = {269-310},
          doi = {10.1146/annurev-astro-081710-102602},
archivePrefix = {arXiv},
       eprint = {1303.3028},
 primaryClass = {astro-ph.SR},
       adsurl = {https://ui.adsabs.harvard.edu/abs/2013ARA&A..51..269D},
      adsnote = {Provided by the SAO/NASA Astrophysics Data System}
}

@ARTICLE{Kounkel16,
       author = {{Kounkel}, M. and {Megeath}, S.~T. and {Poteet}, C.~A. and {Fischer}, W.~J. and {Hartmann}, L.},
        title = "{An HST Survey for 100-1000 au Companions around Young Stellar Objects in the Orion Molecular Clouds: Evidence for Environmentally Dependent Multiplicity}",
      journal = {\apj},
     keywords = {binaries: visual, infrared: stars, ISM: individual: Orion A, stars: formation, stars: protostars, Astrophysics - Solar and Stellar Astrophysics, Astrophysics - Astrophysics of Galaxies},
         year = 2016,
        month = apr,
       volume = {821},
       number = {1},
          eid = {52},
        pages = {52},
          doi = {10.3847/0004-637X/821/1/52},
archivePrefix = {arXiv},
       eprint = {1602.07635},
 primaryClass = {astro-ph.SR},
       adsurl = {https://ui.adsabs.harvard.edu/abs/2016ApJ...821...52K},
      adsnote = {Provided by the SAO/NASA Astrophysics Data System}
}

@ARTICLE{Megeath12,
       author = {{Megeath}, S.~T. and {Gutermuth}, R. and {Muzerolle}, J. and {Kryukova}, E. and {Flaherty}, K. and {Hora}, J.~L. and {Allen}, L.~E. and {Hartmann}, L. and {Myers}, P.~C. and {Pipher}, J.~L. and {Stauffer}, J. and {Young}, E.~T. and {Fazio}, G.~G.},
        title = "{The Spitzer Space Telescope Survey of the Orion A and B Molecular Clouds. I. A Census of Dusty Young Stellar Objects and a Study of Their Mid-infrared Variability}",
      journal = {\aj},
     keywords = {infrared: stars, ISM: individual objects: Orion A Orion B, stars: formation, stars: variables: T Tauri, Herbig Ae/Be, Astrophysics - Astrophysics of Galaxies},
         year = 2012,
        month = dec,
       volume = {144},
       number = {6},
          eid = {192},
        pages = {192},
          doi = {10.1088/0004-6256/144/6/192},
archivePrefix = {arXiv},
       eprint = {1209.3826},
 primaryClass = {astro-ph.GA},
       adsurl = {https://ui.adsabs.harvard.edu/abs/2012AJ....144..192M},
      adsnote = {Provided by the SAO/NASA Astrophysics Data System}
}

@ARTICLE{Ansdell18,
       author = {{Ansdell}, M. and {Williams}, J.~P. and {Trapman}, L. and {van Terwisga}, S.~E. and {Facchini}, S. and {Manara}, C.~F. and {van der Marel}, N. and {Miotello}, A. and {Tazzari}, M. and {Hogerheijde}, M. and {Guidi}, G. and {Testi}, L. and {van Dishoeck}, E.~F.},
        title = "{ALMA Survey of Lupus Protoplanetary Disks. II. Gas Disk Radii}",
      journal = {\apj},
     keywords = {accretion, accretion disks, circumstellar matter, planetary systems, protoplanetary disks, stars: pre-main sequence, stars: variables: T Tauri, Herbig Ae/Be, Astrophysics - Earth and Planetary Astrophysics},
         year = 2018,
        month = may,
       volume = {859},
       number = {1},
          eid = {21},
        pages = {21},
          doi = {10.3847/1538-4357/aab890},
archivePrefix = {arXiv},
       eprint = {1803.05923},
 primaryClass = {astro-ph.EP},
       adsurl = {https://ui.adsabs.harvard.edu/abs/2018ApJ...859...21A},
      adsnote = {Provided by the SAO/NASA Astrophysics Data System}
}

@ARTICLE{Ansdell16,
       author = {{Ansdell}, M. and {Williams}, J.~P. and {van der Marel}, N. and {Carpenter}, J.~M. and {Guidi}, G. and {Hogerheijde}, M. and {Mathews}, G.~S. and {Manara}, C.~F. and {Miotello}, A. and {Natta}, A. and {Oliveira}, I. and {Tazzari}, M. and {Testi}, L. and {van Dishoeck}, E.~F. and {van Terwisga}, S.~E.},
        title = "{ALMA Survey of Lupus Protoplanetary Disks. I. Dust and Gas Masses}",
      journal = {\apj},
     keywords = {circumstellar matter, planets and satellites: formation, protoplanetary disks, stars: formation, stars: late-type, stars: protostars, Astrophysics - Earth and Planetary Astrophysics},
         year = 2016,
        month = sep,
       volume = {828},
       number = {1},
          eid = {46},
        pages = {46},
          doi = {10.3847/0004-637X/828/1/46},
archivePrefix = {arXiv},
       eprint = {1604.05719},
 primaryClass = {astro-ph.EP},
       adsurl = {https://ui.adsabs.harvard.edu/abs/2016ApJ...828...46A},
      adsnote = {Provided by the SAO/NASA Astrophysics Data System}
}


@ARTICLE{Andrews13,
       author = {{Andrews}, Sean M. and {Rosenfeld}, Katherine A. and {Kraus}, Adam L. and {Wilner}, David J.},
        title = "{The Mass Dependence between Protoplanetary Disks and their Stellar Hosts}",
      journal = {\apj},
     keywords = {protoplanetary disks, submillimeter: planetary systems, Astrophysics - Solar and Stellar Astrophysics},
         year = 2013,
        month = jul,
       volume = {771},
       number = {2},
          eid = {129},
        pages = {129},
          doi = {10.1088/0004-637X/771/2/129},
archivePrefix = {arXiv},
       eprint = {1305.5262},
 primaryClass = {astro-ph.SR},
       adsurl = {https://ui.adsabs.harvard.edu/abs/2013ApJ...771..129A},
      adsnote = {Provided by the SAO/NASA Astrophysics Data System}
}


@ARTICLE{Grant21,
       author = {{Grant}, Sierra L. and {Espaillat}, Catherine C. and {Wendeborn}, John and {Tobin}, John J. and {Mac{\'\i}as}, Enrique and {Rilinger}, Anneliese and {Ribas}, {\'A}lvaro and {Megeath}, S. Thomas and {Fischer}, William J. and {Calvet}, Nuria and {Hee Kim}, Kyoung},
        title = "{An ALMA Survey of Protoplanetary Disks in Lynds 1641}",
      journal = {\apj},
     keywords = {Protoplanetary disks, Millimeter astronomy, Surveys, Circumstellar matter, 1300, 1061, 1671, 241, Astrophysics - Solar and Stellar Astrophysics, Astrophysics - Earth and Planetary Astrophysics},
         year = 2021,
        month = jun,
       volume = {913},
       number = {2},
          eid = {123},
        pages = {123},
          doi = {10.3847/1538-4357/abf432},
archivePrefix = {arXiv},
       eprint = {2103.16453},
 primaryClass = {astro-ph.SR},
       adsurl = {https://ui.adsabs.harvard.edu/abs/2021ApJ...913..123G},
      adsnote = {Provided by the SAO/NASA Astrophysics Data System}
}

@ARTICLE{Tobin16,
       author = {{Tobin}, John J. and {Looney}, Leslie W. and {Li}, Zhi-Yun and {Chandler}, Claire J. and {Dunham}, Michael M. and {Segura-Cox}, Dominique and {Sadavoy}, Sarah I. and {Melis}, Carl and {Harris}, Robert J. and {Kratter}, Kaitlin and {Perez}, Laura},
        title = "{The VLA Nascent Disk and Multiplicity Survey of Perseus Protostars (VANDAM). II. Multiplicity of Protostars in the Perseus Molecular Cloud}",
      journal = {\apj},
     keywords = {binaries: close, planetary systems, protoplanetary disks, stars: formation, stars: protostars, techniques: interferometric, Astrophysics - Solar and Stellar Astrophysics, Astrophysics - Astrophysics of Galaxies},
         year = 2016,
        month = feb,
       volume = {818},
       number = {1},
          eid = {73},
        pages = {73},
          doi = {10.3847/0004-637X/818/1/73},
archivePrefix = {arXiv},
       eprint = {1601.00692},
 primaryClass = {astro-ph.SR},
       adsurl = {https://ui.adsabs.harvard.edu/abs/2016ApJ...818...73T},
      adsnote = {Provided by the SAO/NASA Astrophysics Data System}
}

@ARTICLE{Trapman19,
       author = {{Trapman}, L. and {Facchini}, S. and {Hogerheijde}, M.~R. and {van Dishoeck}, E.~F. and {Bruderer}, S.},
        title = "{Gas versus dust sizes of protoplanetary discs: effects of dust evolution}",
      journal = {\aap},
     keywords = {protoplanetary disks, astrochemistry, molecular processes, radiative transfer, line: formation, methods: numerical, Astrophysics - Earth and Planetary Astrophysics, Astrophysics - Astrophysics of Galaxies, Astrophysics - Solar and Stellar Astrophysics},
         year = 2019,
        month = sep,
       volume = {629},
          eid = {A79},
        pages = {A79},
          doi = {10.1051/0004-6361/201834723},
archivePrefix = {arXiv},
       eprint = {1903.06190},
 primaryClass = {astro-ph.EP},
       adsurl = {https://ui.adsabs.harvard.edu/abs/2019A&A...629A..79T},
      adsnote = {Provided by the SAO/NASA Astrophysics Data System}
}


@ARTICLE{Zagaria22,
       author = {{Zagaria}, Francesco and {Clarke}, Cathie J. and {Rosotti}, Giovanni P. and {Manara}, Carlo F.},
        title = "{Stellar multiplicity affects the correlation between protoplanetary disc masses and accretion rates: binaries explain high accretors in Upper Sco}",
      journal = {\mnras},
     keywords = {accretion, accretion discs, methods: miscellaneous, planets and satellites: formation, protoplanetary discs, binaries: close, submillimetre: planetary systems, Astrophysics - Solar and Stellar Astrophysics, Astrophysics - Earth and Planetary Astrophysics, Astrophysics - Astrophysics of Galaxies},
         year = 2022,
        month = may,
       volume = {512},
       number = {3},
        pages = {3538-3550},
          doi = {10.1093/mnras/stac621},
archivePrefix = {arXiv},
       eprint = {2203.01986},
 primaryClass = {astro-ph.SR},
       adsurl = {https://ui.adsabs.harvard.edu/abs/2022MNRAS.512.3538Z},
      adsnote = {Provided by the SAO/NASA Astrophysics Data System}
}

@ARTICLE{vanTerwisga22,
       author = {{van Terwisga}, S.~E. and {Hacar}, A. and {van Dishoeck}, E.~F. and {Oonk}, R. and {Portegies Zwart}, S.},
        title = "{Survey of Orion Disks with ALMA (SODA). I. Cloud-level demographics of 873 protoplanetary disks}",
      journal = {\aap},
     keywords = {protoplanetary disks, stars: pre-main sequence, techniques: interferometric, surveys, Astrophysics - Earth and Planetary Astrophysics, Astrophysics - Astrophysics of Galaxies, Astrophysics - Solar and Stellar Astrophysics},
         year = 2022,
        month = may,
       volume = {661},
          eid = {A53},
        pages = {A53},
          doi = {10.1051/0004-6361/202141913},
archivePrefix = {arXiv},
       eprint = {2202.11057},
 primaryClass = {astro-ph.EP},
       adsurl = {https://ui.adsabs.harvard.edu/abs/2022A&A...661A..53V},
      adsnote = {Provided by the SAO/NASA Astrophysics Data System}
}

@ARTICLE{Powell19,
       author = {{Powell}, Diana and {Murray-Clay}, Ruth and {P{\'e}rez}, Laura M. and {Schlichting}, Hilke E. and {Rosenthal}, Mickey},
        title = "{New Constraints From Dust Lines on the Surface Densities of Protoplanetary Disks}",
      journal = {\apj},
     keywords = {accretion, accretion disks, circumstellar matter, planets and satellites: formation, protoplanetary disks, radio continuum: planetary systems, stars: pre-main sequence, Astrophysics - Earth and Planetary Astrophysics, Astrophysics - Solar and Stellar Astrophysics},
         year = 2019,
        month = jun,
       volume = {878},
       number = {2},
          eid = {116},
        pages = {116},
          doi = {10.3847/1538-4357/ab20ce},
archivePrefix = {arXiv},
       eprint = {1905.03252},
 primaryClass = {astro-ph.EP},
       adsurl = {https://ui.adsabs.harvard.edu/abs/2019ApJ...878..116P},
      adsnote = {Provided by the SAO/NASA Astrophysics Data System}
}

@ARTICLE{Franceschi22,
       author = {{Franceschi}, Riccardo and {Birnstiel}, Tilman and {Henning}, Thomas and {Pinilla}, Paola and {Semenov}, Dmitry and {Zormpas}, Apostolos},
        title = "{Mass determination of protoplanetary disks from dust evolution}",
      journal = {\aap},
     keywords = {radiative transfer, protoplanetary disks, submillimeter: planetary systems, methods: numerical, Astrophysics - Earth and Planetary Astrophysics, Astrophysics - Instrumentation and Methods for Astrophysics},
         year = 2022,
        month = jan,
       volume = {657},
          eid = {A74},
        pages = {A74},
          doi = {10.1051/0004-6361/202141705},
archivePrefix = {arXiv},
       eprint = {2110.09406},
 primaryClass = {astro-ph.EP},
       adsurl = {https://ui.adsabs.harvard.edu/abs/2022A&A...657A..74F},
      adsnote = {Provided by the SAO/NASA Astrophysics Data System}
}

@software{cameron_davidson_pilon_2020_3629409,
  author       = {Cameron Davidson-Pilon and
                  Jonas Kalderstam and
                  Paul Zivich and
                  Ben Kuhn and
                  Mike Williamson and
                  AbdealiJK and
                  Andrew Fiore-Gartland and
                  Luis Moneda and
                  Gabriel and
                  Daniel WIlson and
                  Alex Parij and
                  Kyle Stark and
                  Steven Anton and
                  Miguel Sancho Peña and
                  Lilian Besson and
                  Jona and
                  Harsh Gadgil and
                  Dave Golland and
                  Sean Hussey and
                  Ravin Kumar and
                  Javad Noorbakhsh and
                  Andreas Klintberg and
                  Dmitry Medvinsky and
                  Denis Zgonjanin and
                  Daniel S. Katz and
                  Daniel Chen and
                  Christopher Ahern and
                  Chris Fournier and
                  Arturo Moncada-Torres and
                  André F. Rendeiro},
  title        = {CamDavidsonPilon/lifelines: v0.23.9},
  month        = jan,
  year         = 2020,
  publisher    = {Zenodo},
  version      = {v0.23.9},
  doi          = {10.5281/zenodo.3629409},
  url          = {https://doi.org/10.5281/zenodo.3629409}
}

@ARTICLE{Miotello22,
       author = {{Miotello}, A. and {Kamp}, I. and {Birnstiel}, T. and {Cleeves}, L.~I. and {Kataoka}, A.},
        title = "{Setting the Stage for Planet Formation: Measurements and Implications of the Fundamental Disk Properties}",
      journal = {arXiv e-prints},
     keywords = {Astrophysics - Earth and Planetary Astrophysics, Astrophysics - Solar and Stellar Astrophysics},
         year = 2022,
        month = mar,
          eid = {arXiv:2203.09818},
        pages = {arXiv:2203.09818},
          doi = {10.48550/arXiv.2203.09818},
archivePrefix = {arXiv},
       eprint = {2203.09818},
 primaryClass = {astro-ph.EP},
       adsurl = {https://ui.adsabs.harvard.edu/abs/2022arXiv220309818M},
      adsnote = {Provided by the SAO/NASA Astrophysics Data System}
}

@ARTICLE{Pillitteri13,
       author = {{Pillitteri}, I. and {Wolk}, S.~J. and {Megeath}, S.~T. and {Allen}, L. and {Bally}, J. and {Gagn{\'e}}, M. and {Gutermuth}, R.~A. and {Hartmann}, L. and {Micela}, G. and {Myers}, P. and {Oliveira}, J.~M. and {Sciortino}, S. and {Walter}, F. and {Rebull}, L. and {Stauffer}, J.},
        title = "{An X-Ray Survey of the Young Stellar Population of the Lynds 1641 and Iota Orionis Regions}",
      journal = {\apj},
     keywords = {stars: formation, stars: individual: Orion A L1641 Iota Orionis V380 Ori V883 Ori, Astrophysics - Solar and Stellar Astrophysics, Astrophysics - Astrophysics of Galaxies},
         year = 2013,
        month = may,
       volume = {768},
       number = {2},
          eid = {99},
        pages = {99},
          doi = {10.1088/0004-637X/768/2/99},
archivePrefix = {arXiv},
       eprint = {1303.3996},
 primaryClass = {astro-ph.SR},
       adsurl = {https://ui.adsabs.harvard.edu/abs/2013ApJ...768...99P},
      adsnote = {Provided by the SAO/NASA Astrophysics Data System}
}

@ARTICLE{Furlan16,
       author = {{Furlan}, E. and {Fischer}, W.~J. and {Ali}, B. and {Stutz}, A.~M. and {Stanke}, T. and {Tobin}, J.~J. and {Megeath}, S.~T. and {Osorio}, M. and {Hartmann}, L. and {Calvet}, N. and {Poteet}, C.~A. and {Booker}, J. and {Manoj}, P. and {Watson}, D.~M. and {Allen}, L.},
        title = "{The Herschel Orion Protostar Survey: Spectral Energy Distributions and Fits Using a Grid of Protostellar Models}",
      journal = {\apjs},
     keywords = {circumstellar matter, infrared: stars, methods: data analysis, stars: formation, stars: protostars, Astrophysics - Solar and Stellar Astrophysics, Astrophysics - Astrophysics of Galaxies},
         year = 2016,
        month = may,
       volume = {224},
       number = {1},
          eid = {5},
        pages = {5},
          doi = {10.3847/0067-0049/224/1/5},
archivePrefix = {arXiv},
       eprint = {1602.07314},
 primaryClass = {astro-ph.SR},
       adsurl = {https://ui.adsabs.harvard.edu/abs/2016ApJS..224....5F},
      adsnote = {Provided by the SAO/NASA Astrophysics Data System}
}

@ARTICLE{Zari19,
       author = {{Zari}, E. and {Brown}, A.~G.~A. and {de Zeeuw}, P.~T.},
        title = "{Structure, kinematics, and ages of the young stellar populations in the Orion region}",
      journal = {\aap},
     keywords = {stars: distances, stars: early-type, stars: formation, stars: kinematics and dynamics, stars: pre-main sequence, open clusters and associations: individual: Orion, Astrophysics - Solar and Stellar Astrophysics, Astrophysics - Astrophysics of Galaxies},
         year = 2019,
        month = aug,
       volume = {628},
          eid = {A123},
        pages = {A123},
          doi = {10.1051/0004-6361/201935781},
archivePrefix = {arXiv},
       eprint = {1906.07002},
 primaryClass = {astro-ph.SR},
       adsurl = {https://ui.adsabs.harvard.edu/abs/2019A&A...628A.123Z},
      adsnote = {Provided by the SAO/NASA Astrophysics Data System}
}

@ARTICLE{Haworth21,
       author = {{Haworth}, Thomas J.},
        title = "{Warm millimetre dust in protoplanetary discs near massive stars}",
      journal = {\mnras},
     keywords = {accretion, accretion discs, radiative transfer, planets and satellites: formation, protoplanetary discs, circumstellar matter, Astrophysics - Solar and Stellar Astrophysics, Astrophysics - Earth and Planetary Astrophysics},
         year = 2021,
        month = may,
       volume = {503},
       number = {3},
        pages = {4172-4182},
          doi = {10.1093/mnras/stab728},
archivePrefix = {arXiv},
       eprint = {2103.03950},
 primaryClass = {astro-ph.SR},
       adsurl = {https://ui.adsabs.harvard.edu/abs/2021MNRAS.503.4172H},
      adsnote = {Provided by the SAO/NASA Astrophysics Data System}
}

@ARTICLE{Eisner18,
       author = {{Eisner}, J.~A. and {Arce}, H.~G. and {Ballering}, N.~P. and {Bally}, J. and {Andrews}, S.~M. and {Boyden}, R.~D. and {Di Francesco}, J. and {Fang}, M. and {Johnstone}, D. and {Kim}, J.~S. and {Mann}, R.~K. and {Matthews}, B. and {Pascucci}, I. and {Ricci}, L. and {Sheehan}, P.~D. and {Williams}, J.~P.},
        title = "{Protoplanetary Disk Properties in the Orion Nebula Cluster: Initial Results from Deep, High-resolution ALMA Observations}",
      journal = {\apj},
     keywords = {open clusters and associations: individual: Orion, planetary systems, protoplanetary disks, stars: pre-main sequence, Astrophysics - Solar and Stellar Astrophysics, Astrophysics - Earth and Planetary Astrophysics, Astrophysics - Astrophysics of Galaxies},
         year = 2018,
        month = jun,
       volume = {860},
       number = {1},
          eid = {77},
        pages = {77},
          doi = {10.3847/1538-4357/aac3e2},
archivePrefix = {arXiv},
       eprint = {1805.03669},
 primaryClass = {astro-ph.SR},
       adsurl = {https://ui.adsabs.harvard.edu/abs/2018ApJ...860...77E},
      adsnote = {Provided by the SAO/NASA Astrophysics Data System}
}

@INCOLLECTION{Andrews18,
       author = {{Andrews}, Sean M. and {Birnstiel}, Tilman},
        title = "{Dust Evolution in Protoplanetary Disks}",
     keywords = {Physics},
    booktitle = {Handbook of Exoplanets},
         year = 2018,
       editor = {{Deeg}, Hans J. and {Belmonte}, Juan Antonio},
          eid = {136},
        pages = {136},
          doi = {10.1007/978-3-319-55333-7_136},
       adsurl = {https://ui.adsabs.harvard.edu/abs/2018haex.bookE.136A},
      adsnote = {Provided by the SAO/NASA Astrophysics Data System}
}

@ARTICLE{Kuiper35,
       author = {{Kuiper}, G.~P.},
        title = "{Problems of Double-Star Astronomy. I}",
      journal = {\pasp},
         year = 1935,
        month = feb,
       volume = {47},
       number = {275},
        pages = {15},
          doi = {10.1086/124531},
       adsurl = {https://ui.adsabs.harvard.edu/abs/1935PASP...47...15K},
      adsnote = {Provided by the SAO/NASA Astrophysics Data System}
}

@ARTICLE{Larson72,
       author = {{Larson}, Richard B.},
        title = "{The Collapse of a Rotating Cloud}",
      journal = {\mnras},
         year = 1972,
        month = jan,
       volume = {156},
        pages = {437},
          doi = {10.1093/mnras/156.4.437},
       adsurl = {https://ui.adsabs.harvard.edu/abs/1972MNRAS.156..437L},
      adsnote = {Provided by the SAO/NASA Astrophysics Data System}
}

@BOOK{Batten73,
       author = {{Batten}, Alan H.},
        title = "{Binary and multiple systems of stars}",
         year = 1973,
       adsurl = {https://ui.adsabs.harvard.edu/abs/1973bmss.book.....B},
      adsnote = {Provided by the SAO/NASA Astrophysics Data System}
}

@ARTICLE{Kouwenhoven05,
       author = {{Kouwenhoven}, M.~B.~N. and {Brown}, A.~G.~A. and {Zinnecker}, H. and {Kaper}, L. and {Portegies Zwart}, S.~F.},
        title = "{The primordial binary population.  I. A near-infrared adaptive optics search for close visual companions to A star members of Scorpius OB2}",
      journal = {\aap},
     keywords = {stars: binaries: visual, stars: binaries: general, stars: formation, Galaxy: open clusters and associations: general, stars: individual: Sco OB2, Astrophysics},
         year = 2005,
        month = jan,
       volume = {430},
        pages = {137-154},
          doi = {10.1051/0004-6361:20048124},
archivePrefix = {arXiv},
       eprint = {astro-ph/0410106},
 primaryClass = {astro-ph},
       adsurl = {https://ui.adsabs.harvard.edu/abs/2005A&A...430..137K},
      adsnote = {Provided by the SAO/NASA Astrophysics Data System}
}

@ARTICLE{Kraus12,
       author = {{Kraus}, Adam L. and {Ireland}, Michael J. and {Hillenbrand}, Lynne A. and {Martinache}, Frantz},
        title = "{The Role of Multiplicity in Disk Evolution and Planet Formation}",
      journal = {\apj},
     keywords = {binaries: close, binaries: visual, planets and satellites: formation, protoplanetary disks, stars: formation, stars: pre-main sequence, Astrophysics - Earth and Planetary Astrophysics, Astrophysics - Solar and Stellar Astrophysics},
         year = 2012,
        month = jan,
       volume = {745},
       number = {1},
          eid = {19},
        pages = {19},
          doi = {10.1088/0004-637X/745/1/19},
archivePrefix = {arXiv},
       eprint = {1109.4141},
 primaryClass = {astro-ph.EP},
       adsurl = {https://ui.adsabs.harvard.edu/abs/2012ApJ...745...19K},
      adsnote = {Provided by the SAO/NASA Astrophysics Data System}
}

@ARTICLE{Reipurth00,
       author = {{Reipurth}, Bo},
        title = "{Disintegrating Multiple Systems in Early Stellar Evolution}",
      journal = {\aj},
     keywords = {Stars: Binaries: General, Stars: Circumstellar Matter, ISM: Jets and Outflows, Stars: Formation, Stars: Mass Loss},
         year = 2000,
        month = dec,
       volume = {120},
       number = {6},
        pages = {3177-3191},
          doi = {10.1086/316865},
       adsurl = {https://ui.adsabs.harvard.edu/abs/2000AJ....120.3177R},
      adsnote = {Provided by the SAO/NASA Astrophysics Data System}
}

@ARTICLE{Reipurth04,
       author = {{Reipurth}, Bo and {Rodr{\'\i}guez}, Luis F. and {Anglada}, Guillem and {Bally}, John},
        title = "{Radio Continuum Jets from Protostellar Objects}",
      journal = {\aj},
     keywords = {Stars: Binaries: General, ISM: Jets and Outflows, radio continuum: ISM, Stars: Formation, Stars: Pre-Main-Sequence},
         year = 2004,
        month = mar,
       volume = {127},
       number = {3},
        pages = {1736-1746},
          doi = {10.1086/381062},
       adsurl = {https://ui.adsabs.harvard.edu/abs/2004AJ....127.1736R},
      adsnote = {Provided by the SAO/NASA Astrophysics Data System}
}

@ARTICLE{Enoch11,
       author = {{Enoch}, Melissa L. and {Corder}, Stuartt and {Duch{\^e}ne}, Gaspard and {Bock}, Douglas C. and {Bolatto}, Alberto D. and {Culverhouse}, Thomas L. and {Kwon}, Woojin and {Lamb}, James W. and {Leitch}, Erik M. and {Marrone}, Daniel P. and {Muchovej}, Stephen J. and {P{\'e}rez}, Laura M. and {Scott}, Stephen L. and {Teuben}, Peter J. and {Wright}, Melvyn C.~H. and {Zauderer}, B. Ashley},
        title = "{Disk and Envelope Structure in Class 0 Protostars. II. High-resolution Millimeter Mapping of the Serpens Sample}",
      journal = {\apjs},
     keywords = {ISM: individual objects: Serpens, stars: formation, submillimeter: ISM, techniques: interferometric, Astrophysics - Astrophysics of Galaxies},
         year = 2011,
        month = aug,
       volume = {195},
       number = {2},
          eid = {21},
        pages = {21},
          doi = {10.1088/0067-0049/195/2/21},
archivePrefix = {arXiv},
       eprint = {1106.1899},
 primaryClass = {astro-ph.GA},
       adsurl = {https://ui.adsabs.harvard.edu/abs/2011ApJS..195...21E},
      adsnote = {Provided by the SAO/NASA Astrophysics Data System}
}

@ARTICLE{Haisch06,
       author = {{Haisch}, Karl E., Jr. and {Barsony}, Mary and {Ressler}, Michael E. and {Greene}, Thomas P.},
        title = "{Mid-Infrared Observations of Class I/Flat-Spectrum Systems in Six Nearby Molecular Clouds}",
      journal = {\aj},
     keywords = {Stars: Binaries: Close, Stars: Formation, Stars: Pre-Main-Sequence, Astrophysics},
         year = 2006,
        month = dec,
       volume = {132},
       number = {6},
        pages = {2675-2684},
          doi = {10.1086/508651},
archivePrefix = {arXiv},
       eprint = {astro-ph/0609235},
 primaryClass = {astro-ph},
       adsurl = {https://ui.adsabs.harvard.edu/abs/2006AJ....132.2675H},
      adsnote = {Provided by the SAO/NASA Astrophysics Data System}
}

@ARTICLE{Duchene07,
       author = {{Duch{\^e}ne}, G. and {Bontemps}, S. and {Bouvier}, J. and {Andr{\'e}}, P. and {Djupvik}, A.~A. and {Ghez}, A.~M.},
        title = "{Multiple protostellar systems. II. A high resolution near-infrared imaging survey in nearby star-forming regions}",
      journal = {\aap},
     keywords = {stars: binaries: close, stars: formation, stars: pre-main, sequence, Astrophysics},
         year = 2007,
        month = dec,
       volume = {476},
       number = {1},
        pages = {229-242},
          doi = {10.1051/0004-6361:20077270},
archivePrefix = {arXiv},
       eprint = {0710.0827},
 primaryClass = {astro-ph},
       adsurl = {https://ui.adsabs.harvard.edu/abs/2007A&A...476..229D},
      adsnote = {Provided by the SAO/NASA Astrophysics Data System}
}

@INPROCEEDINGS{Connelley09,
       author = {{Connelley}, Michael S. and {Greene}, T.~P.},
        title = "{A Large Near-IR Spectroscopic Survey of Class I Protostars}",
    booktitle = {American Astronomical Society Meeting Abstracts \#213},
         year = 2009,
       series = {American Astronomical Society Meeting Abstracts},
       volume = {213},
        month = jan,
          eid = {413.04},
        pages = {413.04},
       adsurl = {https://ui.adsabs.harvard.edu/abs/2009AAS...21341304C},
      adsnote = {Provided by the SAO/NASA Astrophysics Data System}
}

@INPROCEEDINGS{Lada87,
       author = {{Lada}, Charles J.},
        title = "{Star formation: from OB associations to protostars.}",
     keywords = {B Stars, Binary Stars, O Stars, Protostars, Star Formation, Infrared Spectra, Molecular Clouds, Ophiuchi Clouds, Spectral Energy Distribution, Star Clusters, Stellar Evolution, Astrophysics},
    booktitle = {Star Forming Regions},
         year = 1987,
       editor = {{Peimbert}, Manuel and {Jugaku}, Jun},
       volume = {115},
        month = jan,
        pages = {1},
       adsurl = {https://ui.adsabs.harvard.edu/abs/1987IAUS..115....1L},
      adsnote = {Provided by the SAO/NASA Astrophysics Data System}
}

@INPROCEEDINGS{Duchene99,
       author = {{Duch{\^e}ne}, G. and {Bouvier}, J. and {Simon}, T. and {Eisl{\"o}ffel}, J.},
        title = "{Binary statistics in young stellar clusters}",
     keywords = {Star Clusters: Binaries},
    booktitle = {Astronomische Gesellschaft Abstract Series},
         year = 1999,
       series = {Astronomische Gesellschaft Abstract Series},
       volume = {15},
        month = jan,
        pages = {33},
       adsurl = {https://ui.adsabs.harvard.edu/abs/1999AGAb...15R..33D},
      adsnote = {Provided by the SAO/NASA Astrophysics Data System}
}

@ARTICLE{Kohler06,
       author = {{K{\"o}hler}, R. and {Petr-Gotzens}, M.~G. and {McCaughrean}, M.~J. and {Bouvier}, J. and {Duch{\^e}ne}, G. and {Quirrenbach}, A. and {Zinnecker}, H.},
        title = "{Binary stars in the Orion Nebula Cluster}",
      journal = {\aap},
     keywords = {stars: pre-main-sequence, binaries: visual, infrared: stars, surveys, techniques: high angular resolution, Astrophysics},
         year = 2006,
        month = nov,
       volume = {458},
       number = {2},
        pages = {461-476},
          doi = {10.1051/0004-6361:20054561},
archivePrefix = {arXiv},
       eprint = {astro-ph/0607670},
 primaryClass = {astro-ph},
       adsurl = {https://ui.adsabs.harvard.edu/abs/2006A&A...458..461K},
      adsnote = {Provided by the SAO/NASA Astrophysics Data System}
}

@ARTICLE{Beck03,
       author = {{Beck}, Tracy L. and {Simon}, M. and {Close}, L.~M.},
        title = "{Near-Infrared Adaptive Optics Imaging of the Embedded Cluster NGC 2024}",
      journal = {\apj},
     keywords = {Stars: Binaries: Visual, Galaxy: Open Clusters and Associations: Individual: NGC Number: NGC 2024, Stars: Pre-Main-Sequence, Astrophysics},
         year = 2003,
        month = jan,
       volume = {583},
       number = {1},
        pages = {358-367},
          doi = {10.1086/345344},
archivePrefix = {arXiv},
       eprint = {astro-ph/0210053},
 primaryClass = {astro-ph},
       adsurl = {https://ui.adsabs.harvard.edu/abs/2003ApJ...583..358B},
      adsnote = {Provided by the SAO/NASA Astrophysics Data System}
}

@ARTICLE{Luhman05,
       author = {{Luhman}, K.~L. and {McLeod}, K.~K. and {Goldenson}, N.},
        title = "{A Hubble Space Telescope Search for Substellar Companions in the Young Cluster IC 348}",
      journal = {\apj},
     keywords = {Stars: Binaries: Close, Stars: Planetary Systems: Formation, Stars: Low-Mass, Brown Dwarfs, Stars: Pre-Main-Sequence, Techniques: High Anular Resolution, Astrophysics},
         year = 2005,
        month = apr,
       volume = {623},
       number = {2},
        pages = {1141-1156},
          doi = {10.1086/429154},
archivePrefix = {arXiv},
       eprint = {astro-ph/0501537},
 primaryClass = {astro-ph},
       adsurl = {https://ui.adsabs.harvard.edu/abs/2005ApJ...623.1141L},
      adsnote = {Provided by the SAO/NASA Astrophysics Data System}
}


@ARTICLE{Hillenbrand04,
       author = {{Hillenbrand}, Lynne A. and {White}, Russel J.},
        title = "{An Assessment of Dynamical Mass Constraints on Pre-Main-Sequence Evolutionary Tracks}",
      journal = {\apj},
     keywords = {Stars: Binaries: General, Stars: Hertzsprung-Russell Diagram, Stars: Pre-Main-Sequence, Astrophysics},
         year = 2004,
        month = apr,
       volume = {604},
       number = {2},
        pages = {741-757},
          doi = {10.1086/382021},
archivePrefix = {arXiv},
       eprint = {astro-ph/0312189},
 primaryClass = {astro-ph},
       adsurl = {https://ui.adsabs.harvard.edu/abs/2004ApJ...604..741H},
      adsnote = {Provided by the SAO/NASA Astrophysics Data System}
}

@ARTICLE{Woitas01,
       author = {{Woitas}, J. and {Leinert}, Ch. and {K{\"o}hler}, R.},
        title = "{Mass ratios of the components in T Tauri binary systems and implications for multiple star formation}",
      journal = {\aap},
     keywords = {BINARIES: GENERAL, STARS: PRE-MAIN SEQUENCE, STARS: FORMATION, STARS: FUNDAMENTAL PARAMETERS, TECHNIQUES: INTERFEROMETRIC, INFRARED: STARS, Astrophysics},
         year = 2001,
        month = sep,
       volume = {376},
        pages = {982-996},
          doi = {10.1051/0004-6361:20011034},
archivePrefix = {arXiv},
       eprint = {astro-ph/0107375},
 primaryClass = {astro-ph},
       adsurl = {https://ui.adsabs.harvard.edu/abs/2001A&A...376..982W},
      adsnote = {Provided by the SAO/NASA Astrophysics Data System}
}

@ARTICLE{Adams87,
       author = {{Adams}, Fred C. and {Lada}, Charles J. and {Shu}, Frank H.},
        title = "{Spectral Evolution of Young Stellar Objects}",
      journal = {\apj},
     keywords = {Pre-Main Sequence Stars, Protostars, Spectral Energy Distribution, Star Formation, Stellar Evolution, Infrared Spectra, Stellar Models, T Tauri Stars, Astrophysics, INFRARED: SOURCES, STARS: FORMATION, STARS: PRE--MAIN-SEQUENCE},
         year = 1987,
        month = jan,
       volume = {312},
        pages = {788},
          doi = {10.1086/164924},
       adsurl = {https://ui.adsabs.harvard.edu/abs/1987ApJ...312..788A},
      adsnote = {Provided by the SAO/NASA Astrophysics Data System}
}

@ARTICLE{Andre93,
       author = {{Andre}, Philippe and {Ward-Thompson}, Derek and {Barsony}, Mary},
        title = "{Submillimeter Continuum Observations of rho Ophiuchi A: The Candidate Protostar VLA 1623 and Prestellar Clumps}",
      journal = {\apj},
     keywords = {Early Stars, Protostars, Star Formation, Stellar Structure, Cosmic Dust, Energy Distribution, Submillimeter Waves, Astrophysics, ISM: JETS AND OUTFLOWS, ISM: INDIVIDUAL ALPHANUMERIC: VLA 1623, STARS: INDIVIDUAL CONSTELLATION NAME: RHO OPHIUCHI A, STARS: PRE--MAIN-SEQUENCE, RADIO CONTINUUM: STARS},
         year = 1993,
        month = mar,
       volume = {406},
        pages = {122},
          doi = {10.1086/172425},
       adsurl = {https://ui.adsabs.harvard.edu/abs/1993ApJ...406..122A},
      adsnote = {Provided by the SAO/NASA Astrophysics Data System}
}

@ARTICLE{Kraus08,
       author = {{Kraus}, Adam L. and {Hillenbrand}, Lynne A.},
        title = "{Spatial Distributions of Young Stars}",
      journal = {\apjl},
     keywords = {binaries: visual, methods: statistical, stars: formation, stars: kinematics, stars: pre-main sequence, stars: statistics, Astrophysics},
         year = 2008,
        month = oct,
       volume = {686},
       number = {2},
        pages = {L111},
          doi = {10.1086/593012},
archivePrefix = {arXiv},
       eprint = {0809.0893},
 primaryClass = {astro-ph},
       adsurl = {https://ui.adsabs.harvard.edu/abs/2008ApJ...686L.111K},
      adsnote = {Provided by the SAO/NASA Astrophysics Data System}
}

@ARTICLE{Ratzka05,
       author = {{Ratzka}, T. and {K{\"o}hler}, R. and {Leinert}, Ch.},
        title = "{A multiplicity survey of the {\ensuremath{\rho}} Ophiuchi molecular clouds}",
      journal = {\aap},
     keywords = {stars: pre-main-sequence, binaries: visual, infrared: stars, surveys, techniques: interferometric, Astrophysics},
         year = 2005,
        month = jul,
       volume = {437},
       number = {2},
        pages = {611-626},
          doi = {10.1051/0004-6361:20042107},
archivePrefix = {arXiv},
       eprint = {astro-ph/0504593},
 primaryClass = {astro-ph},
       adsurl = {https://ui.adsabs.harvard.edu/abs/2005A&A...437..611R},
      adsnote = {Provided by the SAO/NASA Astrophysics Data System}
}

@ARTICLE{Lafreniere08,
       author = {{Lafreni{\`e}re}, David and {Jayawardhana}, Ray and {Brandeker}, Alexis and {Ahmic}, Mirza and {van Kerkwijk}, Marten H.},
        title = "{A Multiplicity Census of Young Stars in Chamaeleon I}",
      journal = {\apj},
     keywords = {binaries: general, stars: formation, stars: low-mass, brown dwarfs, Astrophysics},
         year = 2008,
        month = aug,
       volume = {683},
       number = {2},
        pages = {844-861},
          doi = {10.1086/590239},
archivePrefix = {arXiv},
       eprint = {0803.0561},
 primaryClass = {astro-ph},
       adsurl = {https://ui.adsabs.harvard.edu/abs/2008ApJ...683..844L},
      adsnote = {Provided by the SAO/NASA Astrophysics Data System}
}

@ARTICLE{Reipurth07,
       author = {{Reipurth}, Bo and {Guimar{\~a}es}, Marcelo M. and {Connelley}, Michael S. and {Bally}, John},
        title = "{Visual Binaries in the Orion Nebula Cluster}",
      journal = {\aj},
     keywords = {binaries: visual, open clusters and associations: individual: Orion Nebula Cluster, stars: low-mass, brown dwarfs, stars: pre-main sequence, techniques: high angular resolution, Astrophysics},
         year = 2007,
        month = dec,
       volume = {134},
       number = {6},
        pages = {2272-2285},
          doi = {10.1086/523596},
archivePrefix = {arXiv},
       eprint = {0709.3824},
 primaryClass = {astro-ph},
       adsurl = {https://ui.adsabs.harvard.edu/abs/2007AJ....134.2272R},
      adsnote = {Provided by the SAO/NASA Astrophysics Data System}
}

@ARTICLE{Brandeker03,
       author = {{Brandeker}, Alexis and {Jayawardhana}, Ray and {Najita}, Joan},
        title = "{Keck Adaptive Optics Imaging of Nearby Young Stars: Detection of Close Multiple Systems}",
      journal = {\aj},
     keywords = {Stars: Binaries: Close, Stars: Circumstellar Matter, Stars: Pre-Main-Sequence, Techniques: High Angular Resolution, Astrophysics},
         year = 2003,
        month = oct,
       volume = {126},
       number = {4},
        pages = {2009-2014},
          doi = {10.1086/378057},
archivePrefix = {arXiv},
       eprint = {astro-ph/0306537},
 primaryClass = {astro-ph},
       adsurl = {https://ui.adsabs.harvard.edu/abs/2003AJ....126.2009B},
      adsnote = {Provided by the SAO/NASA Astrophysics Data System}
}

@ARTICLE{Brandeker06,
       author = {{Brandeker}, Alexis and {Jayawardhana}, Ray and {Ivanov}, Valentin D. and {Kurtev}, Radostin},
        title = "{Infrared Spectroscopy of the Ultra-Low-Mass Binary Oph 162225-240515}",
      journal = {\apjl},
     keywords = {Stars: Binaries: General, Stars: Planetary Systems, stars: individual (2MASS J16222521-2405139), Stars: Low-Mass, Brown Dwarfs, Stars: Pre-Main-Sequence, Astrophysics},
         year = 2006,
        month = dec,
       volume = {653},
       number = {1},
        pages = {L61-L64},
          doi = {10.1086/510308},
archivePrefix = {arXiv},
       eprint = {astro-ph/0610601},
 primaryClass = {astro-ph},
       adsurl = {https://ui.adsabs.harvard.edu/abs/2006ApJ...653L..61B},
      adsnote = {Provided by the SAO/NASA Astrophysics Data System}
}

@ARTICLE{Chauvin10,
       author = {{Chauvin}, G. and {Lagrange}, A. -M. and {Bonavita}, M. and {Zuckerman}, B. and {Dumas}, C. and {Bessell}, M.~S. and {Beuzit}, J. -L. and {Bonnefoy}, M. and {Desidera}, S. and {Farihi}, J. and {Lowrance}, P. and {Mouillet}, D. and {Song}, I.},
        title = "{Deep imaging survey of young, nearby austral stars . VLT/NACO near-infrared Lyot-coronographic observations}",
      journal = {\aap},
     keywords = {instrumentation: adaptive optics, instrumentation: high angular resolution, methods: observational, methods: statistical, brown dwarfs, planetary systems, Astrophysics - Earth and Planetary Astrophysics},
         year = 2010,
        month = jan,
       volume = {509},
          eid = {A52},
        pages = {A52},
          doi = {10.1051/0004-6361/200911716},
archivePrefix = {arXiv},
       eprint = {0906.2945},
 primaryClass = {astro-ph.EP},
       adsurl = {https://ui.adsabs.harvard.edu/abs/2010A&A...509A..52C},
      adsnote = {Provided by the SAO/NASA Astrophysics Data System}
}

@ARTICLE{McCathy12,
       author = {{McCarthy}, Kyle and {White}, Russel J.},
        title = "{The Sizes of the Nearest Young Stars}",
      journal = {\aj},
     keywords = {binaries: general, stars: fundamental parameters, stars: pre-main sequence, techniques: interferometric, Astrophysics - Solar and Stellar Astrophysics},
         year = 2012,
        month = jun,
       volume = {143},
       number = {6},
          eid = {134},
        pages = {134},
          doi = {10.1088/0004-6256/143/6/134},
archivePrefix = {arXiv},
       eprint = {1201.6600},
 primaryClass = {astro-ph.SR},
       adsurl = {https://ui.adsabs.harvard.edu/abs/2012AJ....143..134M},
      adsnote = {Provided by the SAO/NASA Astrophysics Data System}
}

@ARTICLE{Bouvier97,
       author = {{Bouvier}, J. and {Rigaut}, F. and {Nadeau}, D.},
        title = "{Pleiades low-mass binaries: do companions affect the evolution of protoplanetary disks?}",
      journal = {\aap},
     keywords = {STARS: BINARIES: CLOSE, STARS: FORMATION, STARS: PRE-MAIN SEQUENCE, STARS: ROTATION, GALAXY: OPEN CLUSTERS AND ASSOCIATIONS: PLEIADES (MELOTTE 22), CIRCUMSTELLAR MATTER},
         year = 1997,
        month = jul,
       volume = {323},
        pages = {139-150},
       adsurl = {https://ui.adsabs.harvard.edu/abs/1997A&A...323..139B},
      adsnote = {Provided by the SAO/NASA Astrophysics Data System}
}

@ARTICLE{Bouvier01,
       author = {{Bouvier}, J. and {Duch{\^e}ne}, G. and {Mermilliod}, J. -C. and {Simon}, T.},
        title = "{The formation and evolution of binary systems. III. Low-mass binaries in the Praesepe cluster}",
      journal = {\aap},
     keywords = {STARS: BINARIES: CLOSE, STARS: FORMATION, STARS: LOW-MASS, BROWN DWARFS, GALAXY: OPEN CLUSTERS AND ASSOCIATIONS: INDIVIDUAL: PRAESEPE, M 44, Astrophysics},
         year = 2001,
        month = sep,
       volume = {375},
        pages = {989-998},
          doi = {10.1051/0004-6361:20010915},
archivePrefix = {arXiv},
       eprint = {astro-ph/0106493},
 primaryClass = {astro-ph},
       adsurl = {https://ui.adsabs.harvard.edu/abs/2001A&A...375..989B},
      adsnote = {Provided by the SAO/NASA Astrophysics Data System}
}

@ARTICLE{Tohline02,
       author = {{Tohline}, Joel E.},
        title = "{The Origin of Binary Stars}",
      journal = {\araa},
     keywords = {star formation, binaries},
         year = 2002,
        month = jan,
       volume = {40},
        pages = {349-385},
          doi = {10.1146/annurev.astro.40.060401.093810},
       adsurl = {https://ui.adsabs.harvard.edu/abs/2002ARA&A..40..349T},
      adsnote = {Provided by the SAO/NASA Astrophysics Data System}
}

@ARTICLE{Delgado-Donate04,
       author = {{Delgado-Donate}, E.~J. and {Clarke}, C.~J. and {Bate}, M.~R.},
        title = "{The dependence of the substellar initial mass function on the initial conditions for star formation}",
      journal = {\mnras},
     keywords = {accretion, accretion dics, hydrodynamics, binaries: general, stars: formation, stars: low-mass, brown dwarfs, stars: luminosity function, mass function, Astrophysics},
         year = 2004,
        month = jan,
       volume = {347},
       number = {3},
        pages = {759-770},
          doi = {10.1111/j.1365-2966.2004.07259.x},
archivePrefix = {arXiv},
       eprint = {astro-ph/0310406},
 primaryClass = {astro-ph},
       adsurl = {https://ui.adsabs.harvard.edu/abs/2004MNRAS.347..759D},
      adsnote = {Provided by the SAO/NASA Astrophysics Data System}
}

@ARTICLE{Marks12,
       author = {{Marks}, M. and {Kroupa}, P.},
        title = "{Inverse dynamical population synthesis. Constraining the initial conditions of young stellar clusters by studying their binary populations}",
      journal = {\aap},
     keywords = {binaries: general, open clusters and associations: general, globular clusters: general, galaxies: star clusters: general, methods: numerical, Astrophysics - Astrophysics of Galaxies},
         year = 2012,
        month = jul,
       volume = {543},
          eid = {A8},
        pages = {A8},
          doi = {10.1051/0004-6361/201118231},
archivePrefix = {arXiv},
       eprint = {1205.1508},
 primaryClass = {astro-ph.GA},
       adsurl = {https://ui.adsabs.harvard.edu/abs/2012A&A...543A...8M},
      adsnote = {Provided by the SAO/NASA Astrophysics Data System}
}

@ARTICLE{Petr-Gotzens11,
       author = {{Kroupa}, P. and {Petr-Gotzens}, M.~G.},
        title = "{The initial period function of late-type binary stars and its variation}",
      journal = {\aap},
     keywords = {binaries: general, stars: formation, stars: late-type, Astrophysics - Solar and Stellar Astrophysics, Astrophysics - Astrophysics of Galaxies},
         year = 2011,
        month = may,
       volume = {529},
          eid = {A92},
        pages = {A92},
          doi = {10.1051/0004-6361/201015989},
archivePrefix = {arXiv},
       eprint = {1102.1719},
 primaryClass = {astro-ph.SR},
       adsurl = {https://ui.adsabs.harvard.edu/abs/2011A&A...529A..92K},
      adsnote = {Provided by the SAO/NASA Astrophysics Data System}
}

@ARTICLE{Kroupa-Aarseth01,
       author = {{Kroupa}, Pavel and {Aarseth}, Sverre and {Hurley}, Jarrod},
        title = "{The formation of a bound star cluster: from the Orion nebula cluster to the Pleiades}",
      journal = {\mnras},
     keywords = {METHODS: N-BODY SIMULATIONS, BINARIES: GENERAL, STARS: FORMATION, OPEN CLUSTERS AND ASSOCIATIONS: GENERAL, OPEN CLUSTERS AND ASSOCIATIONS: INDIVIDUAL: ORION NEBULA CLUSTER, OPEN CLUSTERS AND ASSOCIATIONS: INDIVIDUAL: PLEIADES CLUSTER, methods: N-body simulations, binaries: general, stars: formation, open clusters and associations: general, open clusters and associations: individual: Orion nebula cluster, open clusters and associations: individual: Pleiades cluster, Astrophysics},
         year = 2001,
        month = mar,
       volume = {321},
       number = {4},
        pages = {699-712},
          doi = {10.1046/j.1365-8711.2001.04050.x},
archivePrefix = {arXiv},
       eprint = {astro-ph/0009470},
 primaryClass = {astro-ph},
       adsurl = {https://ui.adsabs.harvard.edu/abs/2001MNRAS.321..699K},
      adsnote = {Provided by the SAO/NASA Astrophysics Data System}
}

@INPROCEEDINGS{Boss01,
       author = {{Boss}, A.},
        title = "{The Formation of Planets}",
    booktitle = {Science with the Atacama Large Millimeter Array},
         year = 2001,
       editor = {{Wootten}, Alwyn},
       series = {Astronomical Society of the Pacific Conference Series},
       volume = {235},
        month = jan,
        pages = {195},
       adsurl = {https://ui.adsabs.harvard.edu/abs/2001ASPC..235..195B},
      adsnote = {Provided by the SAO/NASA Astrophysics Data System}
}

@ARTICLE{Bahcall81,
       author = {{Bahcall}, J.~N. and {Soneira}, R.~M.},
        title = "{The distribution of stars to V = 16th magnitude near the north galactic pole - Normalization, clustering properties, and counts in various bands.}",
      journal = {\apj},
     keywords = {Astronomical Photometry, Binary Stars, Star Clusters, Star Distribution, Stellar Luminosity, Stellar Magnitude, Stellar Parallax, Astrophysics},
         year = 1981,
        month = may,
       volume = {246},
        pages = {122-135},
          doi = {10.1086/158905},
       adsurl = {https://ui.adsabs.harvard.edu/abs/1981ApJ...246..122B},
      adsnote = {Provided by the SAO/NASA Astrophysics Data System}
}

@ARTICLE{Lada08,
       author = {{Lada}, Charles J. and {Muench}, A.~A. and {Rathborne}, J. and {Alves}, Jo{\~a}o F. and {Lombardi}, M.},
        title = "{The Nature of the Dense Core Population in the Pipe Nebula: Thermal Cores Under Pressure}",
      journal = {\apj},
     keywords = {stars: formation, Astrophysics},
         year = 2008,
        month = jan,
       volume = {672},
       number = {1},
        pages = {410-422},
          doi = {10.1086/523837},
archivePrefix = {arXiv},
       eprint = {0709.1164},
 primaryClass = {astro-ph},
       adsurl = {https://ui.adsabs.harvard.edu/abs/2008ApJ...672..410L},
      adsnote = {Provided by the SAO/NASA Astrophysics Data System}
}

@ARTICLE{Parker09,
       author = {{Parker}, Richard J. and {Goodwin}, Simon P. and {Kroupa}, Pavel and {Kouwenhoven}, M.~B.~N.},
        title = "{Do binaries in clusters form in the same way as in the field?}",
      journal = {\mnras},
     keywords = {methods: N-body simulations, binaries: general, stars: formation, open clusters and associations: general, Astrophysics - Astrophysics of Galaxies},
         year = 2009,
        month = aug,
       volume = {397},
       number = {3},
        pages = {1577-1586},
          doi = {10.1111/j.1365-2966.2009.15032.x},
archivePrefix = {arXiv},
       eprint = {0905.2140},
 primaryClass = {astro-ph.GA},
       adsurl = {https://ui.adsabs.harvard.edu/abs/2009MNRAS.397.1577P},
      adsnote = {Provided by the SAO/NASA Astrophysics Data System}
}

@ARTICLE{Testi22,
       author = {{Testi}, L. and {Natta}, A. and {Manara}, C.~F. and {de Gregorio Monsalvo}, I. and {Lodato}, G. and {Lopez}, C. and {Muzic}, K. and {Pascucci}, I. and {Sanchis}, E. and {Miranda}, A. Santamaria and {Scholz}, A. and {De Simone}, M. and {Williams}, J.~P.},
        title = "{The protoplanetary disk population in the {\ensuremath{\rho}}-Ophiuchi region L1688 and the time evolution of Class II YSOs}",
      journal = {\aap},
     keywords = {protoplanetary disks, submillimeter: planetary systems, stars: formation, Astrophysics - Solar and Stellar Astrophysics, Astrophysics - Earth and Planetary Astrophysics},
         year = 2022,
        month = jul,
       volume = {663},
          eid = {A98},
        pages = {A98},
          doi = {10.1051/0004-6361/202141380},
archivePrefix = {arXiv},
       eprint = {2201.04079},
 primaryClass = {astro-ph.SR},
       adsurl = {https://ui.adsabs.harvard.edu/abs/2022A&A...663A..98T},
      adsnote = {Provided by the SAO/NASA Astrophysics Data System}
}

@ARTICLE{Lewis16,
       author = {{Lewis}, John Arban and {Lada}, Charles J.},
        title = "{Protostars at Low Extinction in Orion A}",
      journal = {\apj},
     keywords = {galaxies: star formation, stars: protostars, Astrophysics - Astrophysics of Galaxies, Astrophysics - Solar and Stellar Astrophysics},
         year = 2016,
        month = jul,
       volume = {825},
       number = {2},
          eid = {91},
        pages = {91},
          doi = {10.3847/0004-637X/825/2/91},
archivePrefix = {arXiv},
       eprint = {1605.02732},
 primaryClass = {astro-ph.GA},
       adsurl = {https://ui.adsabs.harvard.edu/abs/2016ApJ...825...91L},
      adsnote = {Provided by the SAO/NASA Astrophysics Data System}
}

@ARTICLE{Jiang-Tremaine10,
       author = {{Jiang}, Yan-Fei and {Tremaine}, Scott},
        title = "{The evolution of wide binary stars}",
      journal = {\mnras},
     keywords = {binaries: general, stars: kinematics, Galaxy: kinematics and dynamics, solar neighbourhood, Astrophysics - Galaxy Astrophysics, Astrophysics - Solar and Stellar Astrophysics},
         year = 2010,
        month = jan,
       volume = {401},
       number = {2},
        pages = {977-994},
          doi = {10.1111/j.1365-2966.2009.15744.x},
archivePrefix = {arXiv},
       eprint = {0907.2952},
 primaryClass = {astro-ph.GA},
       adsurl = {https://ui.adsabs.harvard.edu/abs/2010MNRAS.401..977J},
      adsnote = {Provided by the SAO/NASA Astrophysics Data System}
}

@ARTICLE{Weinberg87,
       author = {{Weinberg}, Martin D. and {Shapiro}, Stuart L. and {Wasserman}, Ira},
        title = "{The Dynamical Fate of Wide Binaries in the Solar Neighborhood}",
      journal = {\apj},
     keywords = {Astrodynamics, Binary Stars, Solar Neighborhood, Stellar Evolution, Stellar Models, Molecular Clouds, Monte Carlo Method, Nemesis (Star), Oort Cloud, Perturbation, Tides, Astrophysics, STARS: BINARIES, STARS: STELLAR STATISTICS, STARS: STELLAR DYNAMICS},
         year = 1987,
        month = jan,
       volume = {312},
        pages = {367},
          doi = {10.1086/164883},
       adsurl = {https://ui.adsabs.harvard.edu/abs/1987ApJ...312..367W},
      adsnote = {Provided by the SAO/NASA Astrophysics Data System}
}

@ARTICLE{Moeckel11,
       author = {{Moeckel}, Nickolas and {Clarke}, Cathie J.},
        title = "{The formation of permanent soft binaries in dispersing clusters}",
      journal = {\mnras},
     keywords = {binaries: general, stars: formation, Astrophysics - Solar and Stellar Astrophysics},
         year = 2011,
        month = aug,
       volume = {415},
       number = {2},
        pages = {1179-1187},
          doi = {10.1111/j.1365-2966.2011.18731.x},
archivePrefix = {arXiv},
       eprint = {1103.2306},
 primaryClass = {astro-ph.SR},
       adsurl = {https://ui.adsabs.harvard.edu/abs/2011MNRAS.415.1179M},
      adsnote = {Provided by the SAO/NASA Astrophysics Data System}
}

@ARTICLE{Patience11,
       author = {{Patience}, J. and {Ghez}, A.~M. and {Reid}, I.~N. and {Matthews}, K.},
        title = "{A High Angular Resolution Multiplicity Survey of the Open Clusters {\ensuremath{\alpha}} Persei and Praesepe}",
      journal = {\aj},
     keywords = {Stars: Binaries: General, Galaxy: Open Clusters and Associations: Individual: Name: {\ensuremath{\alpha}} Persei, Galaxy: Open Clusters and Associations: Individual: Name: Praesepe, Astrophysics},
         year = 2002,
        month = mar,
       volume = {123},
       number = {3},
        pages = {1570-1602},
          doi = {10.1086/338431},
archivePrefix = {arXiv},
       eprint = {astro-ph/0111156},
 primaryClass = {astro-ph},
       adsurl = {https://ui.adsabs.harvard.edu/abs/2002AJ....123.1570P},
      adsnote = {Provided by the SAO/NASA Astrophysics Data System}
}

@INPROCEEDINGS{Lada03,
       author = {{Lada}, E.~A.},
        title = "{Evolution of Circumstellar Disks in Young Stellar Clusters}",
    booktitle = {American Astronomical Society Meeting Abstracts \#202},
         year = 2003,
       series = {American Astronomical Society Meeting Abstracts},
       volume = {202},
        month = may,
          eid = {24.06},
        pages = {24.06},
       adsurl = {https://ui.adsabs.harvard.edu/abs/2003AAS...202.2406L},
      adsnote = {Provided by the SAO/NASA Astrophysics Data System}
}

@ARTICLE{Parker09,
       author = {{Parker}, Richard J. and {Goodwin}, Simon P. and {Kroupa}, Pavel and {Kouwenhoven}, M.~B.~N.},
        title = "{Do binaries in clusters form in the same way as in the field?}",
      journal = {\mnras},
     keywords = {methods: N-body simulations, binaries: general, stars: formation, open clusters and associations: general, Astrophysics - Astrophysics of Galaxies},
         year = 2009,
        month = aug,
       volume = {397},
       number = {3},
        pages = {1577-1586},
          doi = {10.1111/j.1365-2966.2009.15032.x},
archivePrefix = {arXiv},
       eprint = {0905.2140},
 primaryClass = {astro-ph.GA},
       adsurl = {https://ui.adsabs.harvard.edu/abs/2009MNRAS.397.1577P},
      adsnote = {Provided by the SAO/NASA Astrophysics Data System}
}

@ARTICLE{Kraus09,
       author = {{Kraus}, Adam L. and {Hillenbrand}, Lynne A.},
        title = "{Unusually Wide Binaries: Are They Wide or Unusual?}",
      journal = {\apj},
     keywords = {binaries: general, binaries: visual, stars: formation, stars: pre-main sequence, stars: statistics, Astrophysics - Solar and Stellar Astrophysics},
         year = 2009,
        month = oct,
       volume = {703},
       number = {2},
        pages = {1511-1530},
          doi = {10.1088/0004-637X/703/2/1511},
archivePrefix = {arXiv},
       eprint = {0908.1385},
 primaryClass = {astro-ph.SR},
       adsurl = {https://ui.adsabs.harvard.edu/abs/2009ApJ...703.1511K},
      adsnote = {Provided by the SAO/NASA Astrophysics Data System}
}

@INPROCEEDINGS{Kouwenhoven10,
       author = {{Kouwenhoven}, M.~B.~N. and {Goodwin}, S.~P. and {Parker}, Richard J. and {Davies}, M.~B. and {Malmberg}, D. and {Kroupa}, P.},
        title = "{The origin of very wide binary systems}",
     keywords = {binaries: general, stars: formation, stellar dynamics, methods: N-body simulations, Astrophysics - Astrophysics of Galaxies},
    booktitle = {Star Clusters: Basic Galactic Building Blocks Throughout Time and Space},
         year = 2010,
       editor = {{de Grijs}, Richard and {L{\'e}pine}, Jacques R.~D.},
       volume = {266},
        month = jan,
        pages = {438-441},
          doi = {10.1017/S1743921309991633},
archivePrefix = {arXiv},
       eprint = {0910.5796},
 primaryClass = {astro-ph.GA},
       adsurl = {https://ui.adsabs.harvard.edu/abs/2010IAUS..266..438K},
      adsnote = {Provided by the SAO/NASA Astrophysics Data System}
}

@ARTICLE{Moe17,
       author = {{Moe}, Maxwell and {Di Stefano}, Rosanne},
        title = "{Mind Your Ps and Qs: The Interrelation between Period (P) and Mass-ratio (Q) Distributions of Binary Stars}",
      journal = {\apjs},
     keywords = {binaries: close, binaries: general, stars: evolution, stars: formation, stars: massive, stars: statistics, Astrophysics - Solar and Stellar Astrophysics},
         year = 2017,
        month = jun,
       volume = {230},
       number = {2},
          eid = {15},
        pages = {15},
          doi = {10.3847/1538-4365/aa6fb6},
archivePrefix = {arXiv},
       eprint = {1606.05347},
 primaryClass = {astro-ph.SR},
       adsurl = {https://ui.adsabs.harvard.edu/abs/2017ApJS..230...15M},
      adsnote = {Provided by the SAO/NASA Astrophysics Data System}
}

@ARTICLE{Hernandez07,
       author = {{Hern{\'a}ndez}, Jes{\'u}s and {Hartmann}, L. and {Megeath}, T. and {Gutermuth}, R. and {Muzerolle}, J. and {Calvet}, N. and {Vivas}, A.~K. and {Brice{\~n}o}, C. and {Allen}, L. and {Stauffer}, J. and {Young}, E. and {Fazio}, G.},
        title = "{A Spitzer Space Telescope Study of Disks in the Young {\ensuremath{\sigma}} Orionis Cluster}",
      journal = {\apj},
     keywords = {Infrared: Stars, open clusters and associations: individual ({\ensuremath{\sigma}} Orionis cluster), Stars: Planetary Systems: Protoplanetary Disks, Stars: Formation, Stars: Pre-Main-Sequence, Astrophysics},
         year = 2007,
        month = jun,
       volume = {662},
       number = {2},
        pages = {1067-1081},
          doi = {10.1086/513735},
archivePrefix = {arXiv},
       eprint = {astro-ph/0701476},
 primaryClass = {astro-ph},
       adsurl = {https://ui.adsabs.harvard.edu/abs/2007ApJ...662.1067H},
      adsnote = {Provided by the SAO/NASA Astrophysics Data System}
}

@ARTICLE{Ribas15,
       author = {{Ribas}, {\'A}lvaro and {Bouy}, Herv{\'e} and {Mer{\'\i}n}, Bruno},
        title = "{Protoplanetary disk lifetimes vs. stellar mass and possible implications for giant planet populations}",
      journal = {\aap},
     keywords = {protoplanetary disks, planet-disk interactions, stars: formation, planetary systems, stars: pre-main sequence, Astrophysics - Solar and Stellar Astrophysics},
         year = 2015,
        month = apr,
       volume = {576},
          eid = {A52},
        pages = {A52},
          doi = {10.1051/0004-6361/201424846},
archivePrefix = {arXiv},
       eprint = {1502.00631},
 primaryClass = {astro-ph.SR},
       adsurl = {https://ui.adsabs.harvard.edu/abs/2015A&A...576A..52R},
      adsnote = {Provided by the SAO/NASA Astrophysics Data System}
}

@ARTICLE{Ronco21,
       author = {{Ronco}, Mar{\'\i}a Paula and {Guilera}, Octavio M. and {Cuadra}, Jorge and {Miller Bertolami}, Marcelo M. and {Cuello}, Nicol{\'a}s and {Fontecilla}, Camilo and {Poblete}, Pedro and {Bayo}, Amelia},
        title = "{Long Live the Disk: Lifetimes of Protoplanetary Disks in Hierarchical Triple-star Systems and a Possible Explanation for HD 98800 B}",
      journal = {\apj},
     keywords = {Protoplanetary disks, 1300, Astrophysics - Earth and Planetary Astrophysics, Astrophysics - Solar and Stellar Astrophysics},
         year = 2021,
        month = aug,
       volume = {916},
       number = {2},
          eid = {113},
        pages = {113},
          doi = {10.3847/1538-4357/ac0438},
archivePrefix = {arXiv},
       eprint = {2105.09410},
 primaryClass = {astro-ph.EP},
       adsurl = {https://ui.adsabs.harvard.edu/abs/2021ApJ...916..113R},
      adsnote = {Provided by the SAO/NASA Astrophysics Data System}
}

@ARTICLE{Padoan02,
       author = {{Padoan}, Paolo and {Nordlund}, {\r{A}}ke},
        title = "{The Stellar Initial Mass Function from Turbulent Fragmentation}",
      journal = {\apj},
     keywords = {ISM: Kinematics and Dynamics, Stars: Formation, Stars: Luminosity Function, Mass Function, Turbulence, Astrophysics},
         year = 2002,
        month = sep,
       volume = {576},
       number = {2},
        pages = {870-879},
          doi = {10.1086/341790},
archivePrefix = {arXiv},
       eprint = {astro-ph/0011465},
 primaryClass = {astro-ph},
       adsurl = {https://ui.adsabs.harvard.edu/abs/2002ApJ...576..870P},
      adsnote = {Provided by the SAO/NASA Astrophysics Data System}
}

@ARTICLE{Offner10,
       author = {{Offner}, Stella S.~R. and {Kratter}, Kaitlin M. and {Matzner}, Christopher D. and {Krumholz}, Mark R. and {Klein}, Richard I.},
        title = "{The Formation of Low-mass Binary Star Systems Via Turbulent Fragmentation}",
      journal = {\apj},
     keywords = {accretion, accretion disks, binaries: general, radiative transfer, turbulence, Astrophysics - Solar and Stellar Astrophysics},
         year = 2010,
        month = dec,
       volume = {725},
       number = {2},
        pages = {1485-1494},
          doi = {10.1088/0004-637X/725/2/1485},
archivePrefix = {arXiv},
       eprint = {1010.3702},
 primaryClass = {astro-ph.SR},
       adsurl = {https://ui.adsabs.harvard.edu/abs/2010ApJ...725.1485O},
      adsnote = {Provided by the SAO/NASA Astrophysics Data System}
}

@ARTICLE{Bate12,
       author = {{Bate}, Matthew R.},
        title = "{Stellar, brown dwarf and multiple star properties from a radiation hydrodynamical simulation of star cluster formation}",
      journal = {\mnras},
     keywords = {hydrodynamics, radiative transfer, binaries: general, stars: formation, stars: low-mass, stars: luminosity function, mass function, Astrophysics - Solar and Stellar Astrophysics, Astrophysics - Astrophysics of Galaxies},
         year = 2012,
        month = feb,
       volume = {419},
       number = {4},
        pages = {3115-3146},
          doi = {10.1111/j.1365-2966.2011.19955.x},
archivePrefix = {arXiv},
       eprint = {1110.1092},
 primaryClass = {astro-ph.SR},
       adsurl = {https://ui.adsabs.harvard.edu/abs/2012MNRAS.419.3115B},
      adsnote = {Provided by the SAO/NASA Astrophysics Data System}
}

@ARTICLE{Inutsuka92,
       author = {{Inutsuka}, Shu-Ichiro and {Miyama}, Shoken M.},
        title = "{Self-similar Solutions and the Stability of Collapsing Isothermal Filaments}",
      journal = {\apj},
     keywords = {Early Stars, Gravitational Collapse, Isothermal Processes, Star Formation, T Tauri Stars, Eigenvalues, Equations Of State, Numerical Integration, Perturbation Theory, Astrophysics, HYDRODYNAMICS, ISM: CLOUDS},
         year = 1992,
        month = apr,
       volume = {388},
        pages = {392},
          doi = {10.1086/171162},
       adsurl = {https://ui.adsabs.harvard.edu/abs/1992ApJ...388..392I},
      adsnote = {Provided by the SAO/NASA Astrophysics Data System}
}

@ARTICLE{Boss13,
       author = {{Boss}, Alan P. and {Keiser}, Sandra A.},
        title = "{Collapse and Fragmentation of Magnetic Molecular Cloud Cores with the Enzo AMR MHD Code. I. Uniform Density Spheres}",
      journal = {\apj},
     keywords = {hydrodynamics, ISM: clouds, ISM: kinematics and dynamics, Magnetohydrodynamics: MHD, stars: formation, Astrophysics - Solar and Stellar Astrophysics, Astrophysics - Astrophysics of Galaxies},
         year = 2013,
        month = feb,
       volume = {764},
       number = {2},
          eid = {136},
        pages = {136},
          doi = {10.1088/0004-637X/764/2/136},
archivePrefix = {arXiv},
       eprint = {1301.4495},
 primaryClass = {astro-ph.SR},
       adsurl = {https://ui.adsabs.harvard.edu/abs/2013ApJ...764..136B},
      adsnote = {Provided by the SAO/NASA Astrophysics Data System}
}

@INPROCEEDINGS{Boss14,
       author = {{Boss}, Alan P. and {Keiser}, Sandra A.},
        title = "{Collapse and Fragmentation of Magnetic Molecular Cloud Cores with the Enzo AMR MHD Code. II. Prolate and Oblate Cores}",
    booktitle = {Dense Cores: Origin, Evolution, and Collapse},
         year = 2014,
       volume = {4},
        month = jul,
          eid = {108.01},
        pages = {108.01},
       adsurl = {https://ui.adsabs.harvard.edu/abs/2014dcoe.conf10801B},
      adsnote = {Provided by the SAO/NASA Astrophysics Data System}
}

@ARTICLE{Adams89,
       author = {{Adams}, Fred C. and {Ruden}, Steven P. and {Shu}, Frank H.},
        title = "{Eccentric Gravitational Instabilities in Nearly Keplerian Disks}",
      journal = {\apj},
     keywords = {Eccentricity, Kepler Laws, Pre-Main Sequence Stars, Star Formation, Stellar Envelopes, Stellar Gravitation, Gravitational Effects, Protostars, Stellar Luminosity, Stellar Rotation, Astrophysics, HYDRODYNAMICS, STARS: CIRCUMSTELLAR SHELLS, STARS: FORMATION, STARS: PRE--MAIN-SEQUENCE},
         year = 1989,
        month = dec,
       volume = {347},
        pages = {959},
          doi = {10.1086/168187},
       adsurl = {https://ui.adsabs.harvard.edu/abs/1989ApJ...347..959A},
      adsnote = {Provided by the SAO/NASA Astrophysics Data System}
}

@ARTICLE{Machida08,
       author = {{Machida}, Masahiro N. and {Omukai}, Kazuyuki and {Matsumoto}, Tomoaki and {Inutsuka}, Shu-ichiro},
        title = "{Conditions for the Formation of First-Star Binaries}",
      journal = {\apj},
     keywords = {cosmology: theory, galaxies: formation, hydrodynamics, stars: formation, Astrophysics},
         year = 2008,
        month = apr,
       volume = {677},
       number = {2},
        pages = {813-827},
          doi = {10.1086/533434},
archivePrefix = {arXiv},
       eprint = {0711.0069},
 primaryClass = {astro-ph},
       adsurl = {https://ui.adsabs.harvard.edu/abs/2008ApJ...677..813M},
      adsnote = {Provided by the SAO/NASA Astrophysics Data System}
}

@ARTICLE{Stamatellos09,
       author = {{Stamatellos}, Dimitris and {Whitworth}, Anthony P.},
        title = "{The role of thermodynamics in disc fragmentation}",
      journal = {\mnras},
     keywords = {accretion, accretion discs, hydrodynamics, radiative transfer, methods: numerical, stars: formation, stars: low-mass, brown dwarfs, Astrophysics - Astrophysics of Galaxies},
         year = 2009,
        month = dec,
       volume = {400},
       number = {3},
        pages = {1563-1573},
          doi = {10.1111/j.1365-2966.2009.15564.x},
archivePrefix = {arXiv},
       eprint = {0908.2247},
 primaryClass = {astro-ph.GA},
       adsurl = {https://ui.adsabs.harvard.edu/abs/2009MNRAS.400.1563S},
      adsnote = {Provided by the SAO/NASA Astrophysics Data System}
}

@ARTICLE{Rodriguez98,
       author = {{Rodr{\'\i}guez}, L.~F. and {D'Alessio}, P. and {Wilner}, D.~J. and {Ho}, P.~T.~P. and {Torrelles}, J.~M. and {Curiel}, S. and {G{\'o}mez}, Y. and {Lizano}, S. and {Pedlar}, A. and {Cant{\'o}}, J. and {Raga}, A.~C.},
        title = "{Compact protoplanetary disks around the stars of a young binary system}",
      journal = {\nat},
         year = 1998,
        month = sep,
       volume = {395},
       number = {6700},
        pages = {355-357},
          doi = {10.1038/26421},
       adsurl = {https://ui.adsabs.harvard.edu/abs/1998Natur.395..355R},
      adsnote = {Provided by the SAO/NASA Astrophysics Data System}
}

@ARTICLE{Takakuwa12,
       author = {{Takakuwa}, Shigehisa and {Saito}, Masao and {Lim}, Jeremy and {Saigo}, Kazuya and {Sridharan}, T.~K. and {Patel}, Nimesh A.},
        title = "{A Keplerian Circumbinary Disk around the Protostellar System L1551 NE}",
      journal = {\apj},
     keywords = {ISM: individual objects: L1551 NE, ISM: molecules, stars: formation, Astrophysics - Astrophysics of Galaxies},
         year = 2012,
        month = jul,
       volume = {754},
       number = {1},
          eid = {52},
        pages = {52},
          doi = {10.1088/0004-637X/754/1/52},
archivePrefix = {arXiv},
       eprint = {1205.3854},
 primaryClass = {astro-ph.GA},
       adsurl = {https://ui.adsabs.harvard.edu/abs/2012ApJ...754...52T},
      adsnote = {Provided by the SAO/NASA Astrophysics Data System}
}

@ARTICLE{Tobin13,
       author = {{Tobin}, John J. and {Chandler}, Claire J. and {Wilner}, David J. and {Looney}, Leslie W. and {Loinard}, Laurent and {Chiang}, Hsin-Fang and {Hartmann}, Lee and {Calvet}, Nuria and {D'Alessio}, Paola and {Bourke}, Tyler L. and {Kwon}, Woojin},
        title = "{VLA and CARMA Observations of Protostars in the Cepheus Clouds: Sub-arcsecond Proto-binaries Formed via Disk Fragmentation}",
      journal = {\apj},
     keywords = {ISM: individual objects: CB230 L1165 L1157, protoplanetary disks, stars: formation, Astrophysics - Astrophysics of Galaxies},
         year = 2013,
        month = dec,
       volume = {779},
       number = {2},
          eid = {93},
        pages = {93},
          doi = {10.1088/0004-637X/779/2/93},
archivePrefix = {arXiv},
       eprint = {1310.5154},
 primaryClass = {astro-ph.GA},
       adsurl = {https://ui.adsabs.harvard.edu/abs/2013ApJ...779...93T},
      adsnote = {Provided by the SAO/NASA Astrophysics Data System}
}

@INCOLLECTION{Duquennoy91,
       author = {{Duquennoy}, A. and {Mayor}, M.},
        title = "{How Many Single Stars Among Solar Type Stars?}",
    booktitle = {Bioastronomy: The Search for Extraterrestial Life \&mdash; The Exploration Broadens},
         year = 1991,
       editor = {{Heidmann}, Jean and {Klein}, Michael J.},
       volume = {390},
        pages = {39-43},
          doi = {10.1007/3-540-54752-5_186},
       adsurl = {https://ui.adsabs.harvard.edu/abs/1991LNP...390...39D},
      adsnote = {Provided by the SAO/NASA Astrophysics Data System}
}

@ARTICLE{vanBoekel17,
       author = {{van Boekel}, R. and {Henning}, Th. and {Menu}, J. and {de Boer}, J. and {Langlois}, M. and {M{\"u}ller}, A. and {Avenhaus}, H. and {Boccaletti}, A. and {Schmid}, H.~M. and {Thalmann}, Ch. and {Benisty}, M. and {Dominik}, C. and {Ginski}, Ch. and {Girard}, J.~H. and {Gisler}, D. and {Lobo Gomes}, A. and {Menard}, F. and {Min}, M. and {Pavlov}, A. and {Pohl}, A. and {Quanz}, S.~P. and {Rabou}, P. and {Roelfsema}, R. and {Sauvage}, J. -F. and {Teague}, R. and {Wildi}, F. and {Zurlo}, A.},
        title = "{Three Radial Gaps in the Disk of TW Hydrae Imaged with SPHERE}",
      journal = {\apj},
     keywords = {instrumentation: adaptive optics, instrumentation: high angular resolution, planet{\textendash}disk interactions, protoplanetary disks, stars: individual: TW Hya, techniques: polarimetric, Astrophysics - Earth and Planetary Astrophysics, Astrophysics - Solar and Stellar Astrophysics},
         year = 2017,
        month = mar,
       volume = {837},
       number = {2},
          eid = {132},
        pages = {132},
          doi = {10.3847/1538-4357/aa5d68},
archivePrefix = {arXiv},
       eprint = {1610.08939},
 primaryClass = {astro-ph.EP},
       adsurl = {https://ui.adsabs.harvard.edu/abs/2017ApJ...837..132V},
      adsnote = {Provided by the SAO/NASA Astrophysics Data System}
}

@ARTICLE{AndrewsTW16,
       author = {{Andrews}, Sean M. and {Wilner}, David J. and {Zhu}, Zhaohuan and {Birnstiel}, Tilman and {Carpenter}, John M. and {P{\'e}rez}, Laura M. and {Bai}, Xue-Ning and {{\"O}berg}, Karin I. and {Hughes}, A. Meredith and {Isella}, Andrea and {Ricci}, Luca},
        title = "{Ringed Substructure and a Gap at 1 au in the Nearest Protoplanetary Disk}",
      journal = {\apjl},
     keywords = {planet{\textendash}disk interactions, protoplanetary disks, stars: individual: TW Hydrae, Astrophysics - Earth and Planetary Astrophysics},
         year = 2016,
        month = apr,
       volume = {820},
       number = {2},
          eid = {L40},
        pages = {L40},
          doi = {10.3847/2041-8205/820/2/L40},
archivePrefix = {arXiv},
       eprint = {1603.09352},
 primaryClass = {astro-ph.EP},
       adsurl = {https://ui.adsabs.harvard.edu/abs/2016ApJ...820L..40A},
      adsnote = {Provided by the SAO/NASA Astrophysics Data System}
}

@ARTICLE{Huang18,
       author = {{Huang}, Jane and {Andrews}, Sean M. and {Cleeves}, L. Ilsedore and {{\"O}berg}, Karin I. and {Wilner}, David J. and {Bai}, Xuening and {Birnstiel}, Til and {Carpenter}, John and {Hughes}, A. Meredith and {Isella}, Andrea and {P{\'e}rez}, Laura M. and {Ricci}, Luca and {Zhu}, Zhaohuan},
        title = "{CO and Dust Properties in the TW Hya Disk from High-resolution ALMA Observations}",
      journal = {\apj},
     keywords = {astrochemistry, ISM: molecules, protoplanetary disks, stars: individual: TW Hydrae, Astrophysics - Solar and Stellar Astrophysics, Astrophysics - Astrophysics of Galaxies},
         year = 2018,
        month = jan,
       volume = {852},
       number = {2},
          eid = {122},
        pages = {122},
          doi = {10.3847/1538-4357/aaa1e7},
archivePrefix = {arXiv},
       eprint = {1801.03948},
 primaryClass = {astro-ph.SR},
       adsurl = {https://ui.adsabs.harvard.edu/abs/2018ApJ...852..122H},
      adsnote = {Provided by the SAO/NASA Astrophysics Data System}
}

@book{armitage_2020, place={Cambridge}, edition={2}, title={Astrophysics of Planet Formation}, DOI={10.1017/9781108344227}, publisher={Cambridge University Press}, author={Armitage, Philip J.}, year={2020}}

@ARTICLE{Buchner16,
       author = {{Buchner}, Johannes},
        title = "{A statistical test for Nested Sampling algorithms}",
      journal = {Statistics and Computing},
     keywords = {Statistics - Computation},
         year = 2016,
        month = jan,
       volume = {26},
       number = {1-2},
        pages = {383-392},
          doi = {10.1007/s11222-014-9512-y},
archivePrefix = {arXiv},
       eprint = {1407.5459},
 primaryClass = {stat.CO},
       adsurl = {https://ui.adsabs.harvard.edu/abs/2016S&C....26..383B},
      adsnote = {Provided by the SAO/NASA Astrophysics Data System}
}

@ARTICLE{Soler19,
       author = {{Soler}, Juan D.},
        title = "{Using Herschel and Planck observations to delineate the role of magnetic fields in molecular cloud structure}",
      journal = {\aap},
     keywords = {ISM: general, ISM: magnetic fields, ISM: clouds, dust, extinction, stars: formation, submillimeter: ISM, Astrophysics - Astrophysics of Galaxies},
         year = 2019,
        month = sep,
       volume = {629},
          eid = {A96},
        pages = {A96},
          doi = {10.1051/0004-6361/201935779},
archivePrefix = {arXiv},
       eprint = {1909.04862},
 primaryClass = {astro-ph.GA},
       adsurl = {https://ui.adsabs.harvard.edu/abs/2019A&A...629A..96S},
      adsnote = {Provided by the SAO/NASA Astrophysics Data System}
}

@ARTICLE{Ronco21,
       author = {{Ronco}, Mar{\'\i}a Paula and {Guilera}, Octavio M. and {Cuadra}, Jorge and {Miller Bertolami}, Marcelo M. and {Cuello}, Nicol{\'a}s and {Fontecilla}, Camilo and {Poblete}, Pedro and {Bayo}, Amelia},
        title = "{Long Live the Disk: Lifetimes of Protoplanetary Disks in Hierarchical Triple-star Systems and a Possible Explanation for HD 98800 B}",
      journal = {\apj},
     keywords = {Protoplanetary disks, 1300, Astrophysics - Earth and Planetary Astrophysics, Astrophysics - Solar and Stellar Astrophysics},
         year = 2021,
        month = aug,
       volume = {916},
       number = {2},
          eid = {113},
        pages = {113},
          doi = {10.3847/1538-4357/ac0438},
archivePrefix = {arXiv},
       eprint = {2105.09410},
 primaryClass = {astro-ph.EP},
       adsurl = {https://ui.adsabs.harvard.edu/abs/2021ApJ...916..113R},
      adsnote = {Provided by the SAO/NASA Astrophysics Data System}
}

@ARTICLE{Padoan02,
       author = {{Padoan}, Paolo and {Nordlund}, {\r{A}}ke},
        title = "{The Stellar Initial Mass Function from Turbulent Fragmentation}",
      journal = {\apj},
     keywords = {ISM: Kinematics and Dynamics, Stars: Formation, Stars: Luminosity Function, Mass Function, Turbulence, Astrophysics},
         year = 2002,
        month = sep,
       volume = {576},
       number = {2},
        pages = {870-879},
          doi = {10.1086/341790},
archivePrefix = {arXiv},
       eprint = {astro-ph/0011465},
 primaryClass = {astro-ph},
       adsurl = {https://ui.adsabs.harvard.edu/abs/2002ApJ...576..870P},
      adsnote = {Provided by the SAO/NASA Astrophysics Data System}
}

@ARTICLE{Offner10,
       author = {{Offner}, Stella S.~R. and {Kratter}, Kaitlin M. and {Matzner}, Christopher D. and {Krumholz}, Mark R. and {Klein}, Richard I.},
        title = "{The Formation of Low-mass Binary Star Systems Via Turbulent Fragmentation}",
      journal = {\apj},
     keywords = {accretion, accretion disks, binaries: general, radiative transfer, turbulence, Astrophysics - Solar and Stellar Astrophysics},
         year = 2010,
        month = dec,
       volume = {725},
       number = {2},
        pages = {1485-1494},
          doi = {10.1088/0004-637X/725/2/1485},
archivePrefix = {arXiv},
       eprint = {1010.3702},
 primaryClass = {astro-ph.SR},
       adsurl = {https://ui.adsabs.harvard.edu/abs/2010ApJ...725.1485O},
      adsnote = {Provided by the SAO/NASA Astrophysics Data System}
}

@ARTICLE{Bate12,
       author = {{Bate}, Matthew R.},
        title = "{Stellar, brown dwarf and multiple star properties from a radiation hydrodynamical simulation of star cluster formation}",
      journal = {\mnras},
     keywords = {hydrodynamics, radiative transfer, binaries: general, stars: formation, stars: low-mass, stars: luminosity function, mass function, Astrophysics - Solar and Stellar Astrophysics, Astrophysics - Astrophysics of Galaxies},
         year = 2012,
        month = feb,
       volume = {419},
       number = {4},
        pages = {3115-3146},
          doi = {10.1111/j.1365-2966.2011.19955.x},
archivePrefix = {arXiv},
       eprint = {1110.1092},
 primaryClass = {astro-ph.SR},
       adsurl = {https://ui.adsabs.harvard.edu/abs/2012MNRAS.419.3115B},
      adsnote = {Provided by the SAO/NASA Astrophysics Data System}
}

@ARTICLE{Inutsuka92,
       author = {{Inutsuka}, Shu-Ichiro and {Miyama}, Shoken M.},
        title = "{Self-similar Solutions and the Stability of Collapsing Isothermal Filaments}",
      journal = {\apj},
     keywords = {Early Stars, Gravitational Collapse, Isothermal Processes, Star Formation, T Tauri Stars, Eigenvalues, Equations Of State, Numerical Integration, Perturbation Theory, Astrophysics, HYDRODYNAMICS, ISM: CLOUDS},
         year = 1992,
        month = apr,
       volume = {388},
        pages = {392},
          doi = {10.1086/171162},
       adsurl = {https://ui.adsabs.harvard.edu/abs/1992ApJ...388..392I},
      adsnote = {Provided by the SAO/NASA Astrophysics Data System}
}

@ARTICLE{Adams89,
       author = {{Adams}, Fred C. and {Ruden}, Steven P. and {Shu}, Frank H.},
        title = "{Eccentric Gravitational Instabilities in Nearly Keplerian Disks}",
      journal = {\apj},
     keywords = {Eccentricity, Kepler Laws, Pre-Main Sequence Stars, Star Formation, Stellar Envelopes, Stellar Gravitation, Gravitational Effects, Protostars, Stellar Luminosity, Stellar Rotation, Astrophysics, HYDRODYNAMICS, STARS: CIRCUMSTELLAR SHELLS, STARS: FORMATION, STARS: PRE--MAIN-SEQUENCE},
         year = 1989,
        month = dec,
       volume = {347},
        pages = {959},
          doi = {10.1086/168187},
       adsurl = {https://ui.adsabs.harvard.edu/abs/1989ApJ...347..959A},
      adsnote = {Provided by the SAO/NASA Astrophysics Data System}
}

@ARTICLE{Zagaria23,
       author = {{Zagaria}, F. and {Rosotti}, G.~P. and {Alexander}, R.~D. and {Clarke}, C.~J.},
        title = "{Dust dynamics in planet-forming discs in binary systems}",
      journal = {European Physical Journal Plus},
     keywords = {Astrophysics - Earth and Planetary Astrophysics, Astrophysics - Solar and Stellar Astrophysics},
         year = 2023,
        month = jan,
       volume = {138},
       number = {1},
          eid = {25},
        pages = {25},
          doi = {10.1140/epjp/s13360-022-03616-4},
archivePrefix = {arXiv},
       eprint = {2212.07711},
 primaryClass = {astro-ph.EP},
       adsurl = {https://ui.adsabs.harvard.edu/abs/2023EPJP..138...25Z},
      adsnote = {Provided by the SAO/NASA Astrophysics Data System}
}

@ARTICLE{Zhang23,
       author = {{Zhang}, Yapeng and {Ginski}, Christian and {Huang}, Jane and {Zurlo}, Alice and {Beust}, Herv{\'e} and {Bae}, Jaehan and {Benisty}, Myriam and {Garufi}, Antonio and {Hogerheijde}, Michiel R. and {van Holstein}, Rob G. and {Kenworthy}, Matthew and {Langlois}, Maud and {Manara}, Carlo F. and {Pinilla}, Paola and {Rab}, Christian and {Ribas}, {\'A}lvaro and {Rosotti}, Giovanni P. and {Williams}, Jonathan},
        title = "{Disk Evolution Study Through Imaging of Nearby Young Stars (DESTINYS): Diverse outcomes of binary-disk interactions}",
      journal = {\aap},
     keywords = {protoplanetary disks, binaries: general, techniques: high angular resolution, techniques: polarimetric, Astrophysics - Solar and Stellar Astrophysics, Astrophysics - Earth and Planetary Astrophysics},
         year = 2023,
        month = apr,
       volume = {672},
          eid = {A145},
        pages = {A145},
          doi = {10.1051/0004-6361/202245577},
archivePrefix = {arXiv},
       eprint = {2302.12824},
 primaryClass = {astro-ph.SR},
       adsurl = {https://ui.adsabs.harvard.edu/abs/2023A&A...672A.145Z},
      adsnote = {Provided by the SAO/NASA Astrophysics Data System}
}

@INCOLLECTION{Duquennoy91,
       author = {{Duquennoy}, A. and {Mayor}, M.},
        title = "{How Many Single Stars Among Solar Type Stars?}",
    booktitle = {Bioastronomy: The Search for Extraterrestial Life \&mdash; The Exploration Broadens},
         year = 1991,
       editor = {{Heidmann}, Jean and {Klein}, Michael J.},
       volume = {390},
        pages = {39-43},
          doi = {10.1007/3-540-54752-5_186},
       adsurl = {https://ui.adsabs.harvard.edu/abs/1991LNP...390...39D},
      adsnote = {Provided by the SAO/NASA Astrophysics Data System}
}

@ARTICLE{Manara22,
       author = {{Manara}, C.~F. and {Ansdell}, M. and {Rosotti}, G.~P. and {Hughes}, A.~M. and {Armitage}, P.~J. and {Lodato}, G. and {Williams}, J.~P.},
        title = "{Demographics of young stars and their protoplanetary disks: lessons learned on disk evolution and its connection to planet formation}",
      journal = {arXiv e-prints},
     keywords = {Astrophysics - Solar and Stellar Astrophysics, Astrophysics - Earth and Planetary Astrophysics},
         year = 2022,
        month = mar,
          eid = {arXiv:2203.09930},
        pages = {arXiv:2203.09930},
          doi = {10.48550/arXiv.2203.09930},
archivePrefix = {arXiv},
       eprint = {2203.09930},
 primaryClass = {astro-ph.SR},
       adsurl = {https://ui.adsabs.harvard.edu/abs/2022arXiv220309930M},
      adsnote = {Provided by the SAO/NASA Astrophysics Data System}
}

@ARTICLE{Kawasaki23,
       author = {{Kawasaki}, Yoshihiro and {Machida}, Masahiro N.},
        title = "{Impact of turbulence intensity and fragmentation velocity on dust particle size evolution and non-ideal magnetohydrodynamics effects}",
      journal = {\mnras},
     keywords = {stars: formation, stars: magnetic field, ISM: clouds, cosmic rays, dust, extinction, Astrophysics - Astrophysics of Galaxies, Astrophysics - Earth and Planetary Astrophysics, Astrophysics - Solar and Stellar Astrophysics},
         year = 2023,
        month = jul,
       volume = {522},
       number = {3},
        pages = {3679-3692},
          doi = {10.1093/mnras/stad1241},
archivePrefix = {arXiv},
       eprint = {2304.13271},
 primaryClass = {astro-ph.GA},
       adsurl = {https://ui.adsabs.harvard.edu/abs/2023MNRAS.522.3679K},
      adsnote = {Provided by the SAO/NASA Astrophysics Data System}
}

@ARTICLE{Longarini23,
       author = {{Longarini}, Cristiano and {Armitage}, Philip J. and {Lodato}, Giuseppe and {Price}, Daniel J. and {Ceppi}, Simone},
        title = "{The role of the drag force in the gravitational stability of dusty planet-forming disc - II. Numerical simulations}",
      journal = {\mnras},
     keywords = {accretion, accretion discs, turbulence, protoplanetary discs, Astrophysics - Earth and Planetary Astrophysics, Astrophysics - Solar and Stellar Astrophysics},
         year = 2023,
        month = jul,
       volume = {522},
       number = {4},
        pages = {6217-6235},
          doi = {10.1093/mnras/stad1400},
archivePrefix = {arXiv},
       eprint = {2305.03659},
 primaryClass = {astro-ph.EP},
       adsurl = {https://ui.adsabs.harvard.edu/abs/2023MNRAS.522.6217L},
      adsnote = {Provided by the SAO/NASA Astrophysics Data System}
}

@ARTICLE{Lubow15,
       author = {{Lubow}, Stephen H. and {Martin}, Rebecca G. and {Nixon}, Chris},
        title = "{Tidal Torques on Misaligned Disks in Binary Systems}",
      journal = {\apj},
     keywords = {accretion, accretion disks, binaries: general, black hole physics, hydrodynamics, Astrophysics - Solar and Stellar Astrophysics, Astrophysics - Earth and Planetary Astrophysics},
         year = 2015,
        month = feb,
       volume = {800},
       number = {2},
          eid = {96},
        pages = {96},
          doi = {10.1088/0004-637X/800/2/96},
archivePrefix = {arXiv},
       eprint = {1412.7741},
 primaryClass = {astro-ph.SR},
       adsurl = {https://ui.adsabs.harvard.edu/abs/2015ApJ...800...96L},
      adsnote = {Provided by the SAO/NASA Astrophysics Data System}
}

@ARTICLE{Rota22,
       author = {{Rota}, A.~A. and {Manara}, C.~F. and {Miotello}, A. and {Lodato}, G. and {Facchini}, S. and {Koutoulaki}, M. and {Herczeg}, G. and {Long}, F. and {Tazzari}, M. and {Cabrit}, S. and {Harsono}, D. and {M{\'e}nard}, F. and {Pinilla}, P. and {van der Plas}, G. and {Ragusa}, E. and {Yen}, H. -W.},
        title = "{Observational constraints on gas disc sizes in the protoplanetary discs of multiple systems in the Taurus region}",
      journal = {\aap},
     keywords = {protoplanetary disks, binaries: visual, binaries: general, stars: formation, stars: variables: T Tauri, Herbig Ae/Be, Astrophysics - Earth and Planetary Astrophysics, Astrophysics - Astrophysics of Galaxies, Astrophysics - Solar and Stellar Astrophysics},
         year = 2022,
        month = jun,
       volume = {662},
          eid = {A121},
        pages = {A121},
          doi = {10.1051/0004-6361/202141035},
archivePrefix = {arXiv},
       eprint = {2201.03588},
 primaryClass = {astro-ph.EP},
       adsurl = {https://ui.adsabs.harvard.edu/abs/2022A&A...662A.121R},
      adsnote = {Provided by the SAO/NASA Astrophysics Data System}
}

@ARTICLE{Grosschedl19,
       author = {{Gro{\ss}schedl}, Josefa Elisabeth and {Alves}, Jo{\~a}o and {Teixeira}, Paula S. and {Bouy}, Herv{\'e} and {Forbrich}, Jan and {Lada}, Charles J. and {Meingast}, Stefan and {Hacar}, {\'A}lvaro and {Ascenso}, Joana and {Ackerl}, Christine and {Hasenberger}, Birgit and {K{\"o}hler}, Rainer and {Kubiak}, Karolina and {Larreina}, Irati and {Linhardt}, Lorenz and {Lombardi}, Marco and {M{\"o}ller}, Torsten},
        title = "{VISION - Vienna survey in Orion. III. Young stellar objects in Orion A}",
      journal = {\aap},
     keywords = {methods: observational, stars: formation, stars: pre-main sequence, ISM: clouds, infrared: stars, methods: statistical, Astrophysics - Solar and Stellar Astrophysics, Astrophysics - Astrophysics of Galaxies},
         year = 2019,
        month = feb,
       volume = {622},
          eid = {A149},
        pages = {A149},
          doi = {10.1051/0004-6361/201832577},
archivePrefix = {arXiv},
       eprint = {1810.00878},
 primaryClass = {astro-ph.SR},
       adsurl = {https://ui.adsabs.harvard.edu/abs/2019A&A...622A.149G},
      adsnote = {Provided by the SAO/NASA Astrophysics Data System}
}

@ARTICLE{Cieza19,
       author = {{Cieza}, Lucas A. and {Ru{\'\i}z-Rodr{\'\i}guez}, Dary and {Hales}, Antonio and {Casassus}, Simon and {P{\'e}rez}, Sebastian and {Gonzalez-Ruilova}, Camilo and {C{\'a}novas}, Hector and {Williams}, Jonathan P. and {Zurlo}, Alice and {Ansdell}, Megan and {Avenhaus}, Henning and {Bayo}, Amelia and {Bertrang}, Gesa H. -M. and {Christiaens}, Valentin and {Dent}, William and {Ferrero}, Gabriel and {Gamen}, Roberto and {Olofsson}, Johan and {Orcajo}, Santiago and {Pe{\~n}a Ram{\'\i}rez}, Karla and {Principe}, David and {Schreiber}, Matthias R. and {van der Plas}, Gerrit},
        title = "{The Ophiuchus DIsc Survey Employing ALMA (ODISEA) - I: project description and continuum images at 28 au resolution}",
      journal = {\mnras},
     keywords = {protoplanetary discs, circumstellar matter, stars: pre-main-sequence, submillimetre: planetary systems},
         year = 2019,
        month = jan,
       volume = {482},
       number = {1},
        pages = {698-714},
          doi = {10.1093/mnras/sty2653},
       adsurl = {https://ui.adsabs.harvard.edu/abs/2019MNRAS.482..698C},
      adsnote = {Provided by the SAO/NASA Astrophysics Data System}
}

@INPROCEEDINGS{Carvalho22,
       author = {{Carvalho}, Adolfo and {Perez}, Laura and {Sierra}, Anibal and {Mellado}, Maria Jesus},
        title = "{ALMA Observations of Disk Substructure in 3mm Dust Continuum}",
    booktitle = {Bulletin of the American Astronomical Society},
         year = 2022,
       volume = {54},
        month = jun,
          eid = {102.53},
        pages = {102.53},
       adsurl = {https://ui.adsabs.harvard.edu/abs/2022BAAS...54e.053C},
      adsnote = {Provided by the SAO/NASA Astrophysics Data System}
}

@PHDTHESIS{Booth20,
       author = {{Booth}, Alice S.},
        title = "{Molecular Line Emission from Planet-Forming Disks with ALMA}",
       school = {University of Leeds, UK},
         year = 2020,
        month = feb,
       adsurl = {https://ui.adsabs.harvard.edu/abs/2020PhDT........11B},
      adsnote = {Provided by the SAO/NASA Astrophysics Data System}
}

@ARTICLE{Law21,
       author = {{Law}, Charles J. and {Teague}, Richard and {Loomis}, Ryan A. and {Bae}, Jaehan and {{\"O}berg}, Karin I. and {Czekala}, Ian and {Andrews}, Sean M. and {Aikawa}, Yuri and {Alarc{\'o}n}, Felipe and {Bergin}, Edwin A. and {Bergner}, Jennifer B. and {Booth}, Alice S. and {Bosman}, Arthur D. and {Calahan}, Jenny K. and {Cataldi}, Gianni and {Cleeves}, L. Ilsedore and {Furuya}, Kenji and {Guzm{\'a}n}, Viviana V. and {Huang}, Jane and {Ilee}, John D. and {Le Gal}, Romane and {Liu}, Yao and {Long}, Feng and {M{\'e}nard}, Fran{\c{c}}ois and {Nomura}, Hideko and {P{\'e}rez}, Laura M. and {Qi}, Chunhua and {Schwarz}, Kamber R. and {Soto}, Daniela and {Tsukagoshi}, Takashi and {Yamato}, Yoshihide and {van't Hoff}, Merel L.~R. and {Walsh}, Catherine and {Wilner}, David J. and {Zhang}, Ke},
        title = "{Molecules with ALMA at Planet-forming Scales (MAPS). IV. Emission Surfaces and Vertical Distribution of Molecules}",
      journal = {\apjs},
     keywords = {Protoplanetary disks, Interstellar molecules, Astrochemistry, High angular resolution, Circumstellar disks, Planet formation, 1300, 849, 75, 2167, 235, 1241},
         year = 2021,
        month = nov,
       volume = {257},
       number = {1},
          eid = {4},
        pages = {4},
          doi = {10.3847/1538-4365/ac1439},
       adsurl = {https://ui.adsabs.harvard.edu/abs/2021ApJS..257....4L},
      adsnote = {Provided by the SAO/NASA Astrophysics Data System}
}

@MISC{Ricci21,
       author = {{Ricci}, Luca and {Andrews}, Sean M. and {Bailey}, Vanessa and {Dullemond}, Cornelis and {Gallagher}, Sara Tatiana and {Huang}, Jane and {Isella}, Andrea and {Mawet}, Dimitri and {Perez}, Laura and {Robberto}, Massimo and {Ruane}, Garreth and {Ygouf}, Marie and {Zhang}, Shangjia and {Zhu}, Zhaohuan},
        title = "{Investigating the Disk-Planet Interaction in the HD 163296 System with JWST}",
 howpublished = {JWST Proposal. Cycle 1, ID. \#2540},
         year = 2021,
        month = mar,
        pages = {2540},
       adsurl = {https://ui.adsabs.harvard.edu/abs/2021jwst.prop.2540R},
      adsnote = {Provided by the SAO/NASA Astrophysics Data System}
}

@ARTICLE{Barraza21,
       author = {{Barraza-Alfaro}, Marcelo and {Flock}, Mario and {Marino}, Sebastian and {P{\'e}rez}, Sebasti{\'a}n},
        title = "{Observability of the vertical shear instability in protoplanetary disk CO kinematics}",
      journal = {\aap},
     keywords = {protoplanetary disks, radiative transfer, hydrodynamics, instabilities, line: formation, methods: numerical},
         year = 2021,
        month = sep,
       volume = {653},
          eid = {A113},
        pages = {A113},
          doi = {10.1051/0004-6361/202140535},
       adsurl = {https://ui.adsabs.harvard.edu/abs/2021A&A...653A.113B},
      adsnote = {Provided by the SAO/NASA Astrophysics Data System}
}

@INPROCEEDINGS{Ansdell18_gasdust,
       author = {{Ansdell}, Megan},
        title = "{Lupus Disk Demographics with ALMA: Gas Disk Radii and Dust Grain Growth}",
    booktitle = {Star and Planet Formation in the Southwest},
         year = 2018,
        month = mar,
          eid = {1},
        pages = {1},
       adsurl = {https://ui.adsabs.harvard.edu/abs/2018spfs.confE...1A},
      adsnote = {Provided by the SAO/NASA Astrophysics Data System}
}

@ARTICLE{Ansdell20,
       author = {{Ansdell}, Megan and {Haworth}, Thomas J. and {Williams}, Jonathan P. and {Facchini}, Stefano and {Winter}, Andrew and {Manara}, Carlo F. and {Hacar}, Alvaro and {Chiang}, Eugene and {van Terwisga}, Sierk and {van der Marel}, Nienke and {van Dishoeck}, Ewine F.},
        title = "{An ALMA Survey of {\ensuremath{\lambda}} Orionis Disks: From Supernovae to Planet Formation}",
      journal = {\aj},
     keywords = {Protoplanetary disks, Circumstellar disks, Millimeter astronomy, Planet formation, Exoplanet formation, Submillimeter astronomy, OB stars, Supernovae, Surveys, 1300, 235, 1061, 1241, 492, 1647, 1141, 1668, 1671},
         year = 2020,
        month = dec,
       volume = {160},
       number = {6},
          eid = {248},
        pages = {248},
          doi = {10.3847/1538-3881/abb9af},
       adsurl = {https://ui.adsabs.harvard.edu/abs/2020AJ....160..248A},
      adsnote = {Provided by the SAO/NASA Astrophysics Data System}
}

@ARTICLE{Cazzoletti19,
       author = {{Cazzoletti}, P. and {Manara}, C.~F. and {Liu}, H.~B. and {van Dishoeck}, E.~F. and {Facchini}, S. and {Alcal{\`a}}, J.~M. and {Ansdell}, M. and {Testi}, L. and {Williams}, J.~P. and {Carrasco-Gonz{\'a}lez}, C. and {Dong}, R. and {Forbrich}, J. and {Fukagawa}, M. and {Galv{\'a}n-Madrid}, R. and {Hirano}, N. and {Hogerheijde}, M. and {Hasegawa}, Y. and {Muto}, T. and {Pinilla}, P. and {Takami}, M. and {Tamura}, M. and {Tazzari}, M. and {Wisniewski}, J.~P.},
        title = "{ALMA survey of Class II protoplanetary disks in Corona Australis: a young region with low disk masses}",
      journal = {arXiv e-prints},
     keywords = {Astrophysics - Earth and Planetary Astrophysics, Astrophysics - Solar and Stellar Astrophysics},
         year = 2019,
        month = apr,
          eid = {arXiv:1904.02409},
        pages = {arXiv:1904.02409},
          doi = {10.48550/arXiv.1904.02409},
archivePrefix = {arXiv},
       eprint = {1904.02409},
 primaryClass = {astro-ph.EP},
       adsurl = {https://ui.adsabs.harvard.edu/abs/2019arXiv190402409C},
      adsnote = {Provided by the SAO/NASA Astrophysics Data System}
}

@book{Jeffreys98,
  title={The Theory of Probability},
  author={Jeffreys, H.},
  isbn={9780191589676},
  series={Oxford Classic Texts in the Physical Sciences},
  url={https://books.google.it/books?id=vh9Act9rtzQC},
  year={1998},
  publisher={OUP Oxford}
}

@ARTICLE{WardDuong18,
       author = {{Ward-Duong}, K. and {Patience}, J. and {Bulger}, J. and {van der Plas}, G. and {M{\'e}nard}, F. and {Pinte}, C. and {Jackson}, A.~P. and {Bryden}, G. and {Turner}, N.~J. and {Harvey}, P. and {Hales}, A. and {De Rosa}, R.~J.},
        title = "{The Taurus Boundary of Stellar/Substellar (TBOSS) Survey. II. Disk Masses from ALMA Continuum Observations}",
      journal = {\aj},
     keywords = {brown dwarfs, protoplanetary disks, stars: formation, stars: low-mass, stars: pre-main sequence, Astrophysics - Earth and Planetary Astrophysics, Astrophysics - Solar and Stellar Astrophysics},
         year = 2018,
        month = feb,
       volume = {155},
       number = {2},
          eid = {54},
        pages = {54},
          doi = {10.3847/1538-3881/aaa128},
archivePrefix = {arXiv},
       eprint = {1712.07669},
 primaryClass = {astro-ph.EP},
       adsurl = {https://ui.adsabs.harvard.edu/abs/2018AJ....155...54W},
      adsnote = {Provided by the SAO/NASA Astrophysics Data System}
}

@ARTICLE{Zhu19,
       author = {{Zhu}, Zhaohuan and {Zhang}, Shangjia and {Jiang}, Yan-Fei and {Kataoka}, Akimasa and {Birnstiel}, Tilman and {Dullemond}, Cornelis P. and {Andrews}, Sean M. and {Huang}, Jane and {P{\'e}rez}, Laura M. and {Carpenter}, John M. and {Bai}, Xue-Ning and {Wilner}, David J. and {Ricci}, Luca},
        title = "{One Solution to the Mass Budget Problem for Planet Formation: Optically Thick Disks with Dust Scattering}",
      journal = {\apjl},
     keywords = {opacity, planets and satellites: formation, protoplanetary disks, radiative transfer, scattering, submillimeter: planetary systems, Astrophysics - Earth and Planetary Astrophysics, Astrophysics - Solar and Stellar Astrophysics},
         year = 2019,
        month = jun,
       volume = {877},
       number = {2},
          eid = {L18},
        pages = {L18},
          doi = {10.3847/2041-8213/ab1f8c},
archivePrefix = {arXiv},
       eprint = {1904.02127},
 primaryClass = {astro-ph.EP},
       adsurl = {https://ui.adsabs.harvard.edu/abs/2019ApJ...877L..18Z},
      adsnote = {Provided by the SAO/NASA Astrophysics Data System}
}

@ARTICLE{Tobin15,
       author = {{Tobin}, John J. and {Looney}, Leslie W. and {Wilner}, David J. and {Kwon}, Woojin and {Chandler}, Claire J. and {Bourke}, Tyler L. and {Loinard}, Laurent and {Chiang}, Hsin-Fang and {Schnee}, Scott and {Chen}, Xuepeng},
        title = "{A Sub-arcsecond Survey Toward Class 0 Protostars in Perseus: Searching for Signatures of Protostellar Disks}",
      journal = {\apj},
     keywords = {protoplanetary disks, stars: formation, stars: protostars, techniques: interferometric, Astrophysics - Solar and Stellar Astrophysics},
         year = 2015,
        month = jun,
       volume = {805},
       number = {2},
          eid = {125},
        pages = {125},
          doi = {10.1088/0004-637X/805/2/125},
archivePrefix = {arXiv},
       eprint = {1503.05189},
 primaryClass = {astro-ph.SR},
       adsurl = {https://ui.adsabs.harvard.edu/abs/2015ApJ...805..125T},
      adsnote = {Provided by the SAO/NASA Astrophysics Data System}
}

@ARTICLE{Maury19,
       author = {{Maury}, A.~J. and {Andr{\'e}}, Ph. and {Testi}, L. and {Maret}, S. and {Belloche}, A. and {Hennebelle}, P. and {Cabrit}, S. and {Codella}, C. and {Gueth}, F. and {Podio}, L. and {Anderl}, S. and {Bacmann}, A. and {Bontemps}, S. and {Gaudel}, M. and {Ladjelate}, B. and {Lef{\`e}vre}, C. and {Tabone}, B. and {Lefloch}, B.},
        title = "{Characterizing young protostellar disks with the CALYPSO IRAM-PdBI survey: large Class 0 disks are rare}",
      journal = {\aap},
     keywords = {stars: formation, stars: protostars, radio continuum: ISM, Astrophysics - Astrophysics of Galaxies},
         year = 2019,
        month = jan,
       volume = {621},
          eid = {A76},
        pages = {A76},
          doi = {10.1051/0004-6361/201833537},
archivePrefix = {arXiv},
       eprint = {1810.11221},
 primaryClass = {astro-ph.GA},
       adsurl = {https://ui.adsabs.harvard.edu/abs/2019A&A...621A..76M},
      adsnote = {Provided by the SAO/NASA Astrophysics Data System}
}

@ARTICLE{Tychoniec18,
       author = {{Tychoniec}, {\L}ukasz and {Tobin}, John J. and {Karska}, Agata and {Chandler}, Claire and {Dunham}, Michael M. and {Harris}, Robert J. and {Kratter}, Kaitlin M. and {Li}, Zhi-Yun and {Looney}, Leslie W. and {Melis}, Carl and {P{\'e}rez}, Laura M. and {Sadavoy}, Sarah I. and {Segura-Cox}, Dominique and {van Dishoeck}, Ewine F.},
        title = "{The VLA Nascent Disk and Multiplicity Survey of Perseus Protostars (VANDAM). IV. Free-Free Emission from Protostars: Links to Infrared Properties, Outflow Tracers, and Protostellar Disk Masses}",
      journal = {\apjs},
     keywords = {protoplanetary disks, radio continuum: stars, stars: formation, stars: protostars, stars: winds, outflows, techniques: interferometric, Astrophysics - Solar and Stellar Astrophysics, Astrophysics - Astrophysics of Galaxies},
         year = 2018,
        month = oct,
       volume = {238},
       number = {2},
          eid = {19},
        pages = {19},
          doi = {10.3847/1538-4365/aaceae},
archivePrefix = {arXiv},
       eprint = {1806.02434},
 primaryClass = {astro-ph.SR},
       adsurl = {https://ui.adsabs.harvard.edu/abs/2018ApJS..238...19T},
      adsnote = {Provided by the SAO/NASA Astrophysics Data System}
}

@ARTICLE{Williams19,
       author = {{Williams}, Jonathan P. and {Cieza}, Lucas and {Hales}, Antonio and {Ansdell}, Megan and {Ruiz-Rodriguez}, Dary and {Casassus}, Simon and {Perez}, Sebastian and {Zurlo}, Alice},
        title = "{The Ophiuchus DIsk Survey Employing ALMA (ODISEA): Disk Dust Mass Distributions across Protostellar Evolutionary Classes}",
      journal = {\apjl},
     keywords = {protoplanetary disks, stars: pre-main sequence, submillimeter: general, Astrophysics - Solar and Stellar Astrophysics, Astrophysics - Earth and Planetary Astrophysics, Astrophysics - Astrophysics of Galaxies},
         year = 2019,
        month = apr,
       volume = {875},
       number = {2},
          eid = {L9},
        pages = {L9},
          doi = {10.3847/2041-8213/ab1338},
archivePrefix = {arXiv},
       eprint = {1904.06471},
 primaryClass = {astro-ph.SR},
       adsurl = {https://ui.adsabs.harvard.edu/abs/2019ApJ...875L...9W},
      adsnote = {Provided by the SAO/NASA Astrophysics Data System}
}

@ARTICLE{Andersen19,
       author = {{Andersen}, Bridget C. and {Stephens}, Ian W. and {Dunham}, Michael M. and {Pokhrel}, Riwaj and {J{\o}rgensen}, Jes K. and {Frimann}, S{\o}ren and {Segura-Cox}, Dominique and {Myers}, Philip C. and {Bourke}, Tyler L. and {Tobin}, John J. and {Tychoniec}, {\L}ukasz},
        title = "{The Mass Evolution of Protostellar Disks and Envelopes in the Perseus Molecular Cloud}",
      journal = {\apj},
     keywords = {circumstellar matter, protoplanetary disks, stars: formation, Astrophysics - Solar and Stellar Astrophysics, Astrophysics - Astrophysics of Galaxies},
         year = 2019,
        month = mar,
       volume = {873},
       number = {1},
          eid = {54},
        pages = {54},
          doi = {10.3847/1538-4357/ab05c7},
archivePrefix = {arXiv},
       eprint = {1902.05956},
 primaryClass = {astro-ph.SR},
       adsurl = {https://ui.adsabs.harvard.edu/abs/2019ApJ...873...54A},
      adsnote = {Provided by the SAO/NASA Astrophysics Data System}
}


@ARTICLE{GAIAMainSource,
       author = {{Gaia Collaboration}},
        title = "{VizieR Online Data Catalog: Gaia DR3 Part 1. Main source (Gaia Collaboration, 2022)}",
      journal = {VizieR Online Data Catalog},
     keywords = {Gaia},
         year = 2022,
        month = may,
          eid = {I/355},
        pages = {I/355},
          doi = {10.26093/cds/vizier.1355},
       adsurl = {https://ui.adsabs.harvard.edu/abs/2022yCat.1355....0G},
      adsnote = {Provided by the SAO/NASA Astrophysics Data System}
}

@ARTICLE{Jeffries14,
       author = {{Jeffries}, R.~D. and {Jackson}, R.~J. and {Cottaar}, M. and {Koposov}, S.~E. and {Lanzafame}, A.~C. and {Meyer}, M.~R. and {Prisinzano}, L. and {Randich}, S. and {Sacco}, G.~G. and {Brugaletta}, E. and {Caramazza}, M. and {Damiani}, F. and {Franciosini}, E. and {Frasca}, A. and {Gilmore}, G. and {Feltzing}, S. and {Micela}, G. and {Alfaro}, E. and {Bensby}, T. and {Pancino}, E. and {Recio-Blanco}, A. and {de Laverny}, P. and {Lewis}, J. and {Magrini}, L. and {Morbidelli}, L. and {Costado}, M.~T. and {Jofr{\'e}}, P. and {Klutsch}, A. and {Lind}, K. and {Maiorca}, E.},
        title = "{The Gaia-ESO Survey: Kinematic structure in the Gamma Velorum cluster}",
      journal = {\aap},
     keywords = {stars: pre-main sequence, stars: kinematics and dynamics, open clusters and associations: individual: gamma2 Velorum, stars: formation, Astrophysics - Solar and Stellar Astrophysics},
         year = 2014,
        month = mar,
       volume = {563},
          eid = {A94},
        pages = {A94},
          doi = {10.1051/0004-6361/201323288},
archivePrefix = {arXiv},
       eprint = {1401.4979},
 primaryClass = {astro-ph.SR},
       adsurl = {https://ui.adsabs.harvard.edu/abs/2014A&A...563A..94J},
      adsnote = {Provided by the SAO/NASA Astrophysics Data System}
}

@ARTICLE{Roccatagliata18,
       author = {{Roccatagliata}, V. and {Sacco}, G.~G. and {Franciosini}, E. and {Randich}, S.},
        title = "{The double population of Chamaeleon I detected by Gaia DR2}",
      journal = {\aap},
     keywords = {stars: pre-main sequence, open clusters and associations: individual: Chamaeleon I, parallaxes, proper motions, Astrophysics - Solar and Stellar Astrophysics, Astrophysics - Astrophysics of Galaxies},
         year = 2018,
        month = sep,
       volume = {617},
          eid = {L4},
        pages = {L4},
          doi = {10.1051/0004-6361/201833890},
archivePrefix = {arXiv},
       eprint = {1808.06931},
 primaryClass = {astro-ph.SR},
       adsurl = {https://ui.adsabs.harvard.edu/abs/2018A&A...617L...4R},
      adsnote = {Provided by the SAO/NASA Astrophysics Data System}
}

@ARTICLE{Franciosini18,
       author = {{Franciosini}, E. and {Sacco}, G.~G. and {Jeffries}, R.~D. and {Damiani}, F. and {Roccatagliata}, V. and {Fedele}, D. and {Randich}, S.},
        title = "{The Gaia DR2 view of the Gamma Velorum cluster: resolving the 6D structure}",
      journal = {\aap},
     keywords = {open clusters and associations: individual: Gamma Velorum, stars: late-type, stars: pre-main sequence, stars: distances, stars: kinematics and dynamics, Astrophysics - Solar and Stellar Astrophysics, Astrophysics - Astrophysics of Galaxies},
         year = 2018,
        month = aug,
       volume = {616},
          eid = {L12},
        pages = {L12},
          doi = {10.1051/0004-6361/201833815},
archivePrefix = {arXiv},
       eprint = {1807.03621},
 primaryClass = {astro-ph.SR},
       adsurl = {https://ui.adsabs.harvard.edu/abs/2018A&A...616L..12F},
      adsnote = {Provided by the SAO/NASA Astrophysics Data System}
}

@ARTICLE{Smallwood23,
       author = {{Smallwood}, Jeremy L. and {Nealon}, Rebecca and {Cuello}, Nicol{\'a}s and {Dong}, Ruobing and {Booth}, Richard A.},
        title = "{Formation of misaligned second-generation discs through flyby encounters}",
      journal = {arXiv e-prints},
     keywords = {Astrophysics - Earth and Planetary Astrophysics},
         year = 2023,
        month = oct,
          eid = {arXiv:2310.03327},
        pages = {arXiv:2310.03327},
          doi = {10.48550/arXiv.2310.03327},
archivePrefix = {arXiv},
       eprint = {2310.03327},
 primaryClass = {astro-ph.EP},
       adsurl = {https://ui.adsabs.harvard.edu/abs/2023arXiv231003327S},
      adsnote = {Provided by the SAO/NASA Astrophysics Data System}
}

@ARTICLE{Smallwood23_spiral,
       author = {{Smallwood}, Jeremy L. and {Yang}, Chao-Chin and {Zhu}, Zhaohuan and {Martin}, Rebecca G. and {Dong}, Ruobing and {Cuello}, Nicol{\'a}s and {Isella}, Andrea},
        title = "{Exciting spiral arms in protoplanetary discs from flybys}",
      journal = {\mnras},
     keywords = {hydrodynamics, methods: numerical, protoplanetary discs, Astrophysics - Earth and Planetary Astrophysics},
         year = 2023,
        month = may,
       volume = {521},
       number = {3},
        pages = {3500-3516},
          doi = {10.1093/mnras/stad742},
archivePrefix = {arXiv},
       eprint = {2303.05753},
 primaryClass = {astro-ph.EP},
       adsurl = {https://ui.adsabs.harvard.edu/abs/2023MNRAS.521.3500S},
      adsnote = {Provided by the SAO/NASA Astrophysics Data System}
}

@ARTICLE{Rodriguez18,
       author = {{Rodriguez}, Joseph E. and {Loomis}, Ryan and {Cabrit}, Sylvie and {Haworth}, Thomas J. and {Facchini}, Stefano and {Dougados}, Catherine and {Booth}, Richard A. and {Jensen}, Eric L.~N. and {Clarke}, Cathie J. and {Stassun}, Keivan G. and {Dent}, William R.~F. and {Pety}, J{\'e}r{\^o}me},
        title = "{Multiple Stellar Flybys Sculpting the Circumstellar Architecture in RW Aurigae}",
      journal = {\apj},
     keywords = {binaries: general, protoplanetary disks, stars: individual: RW Aur, Astrophysics - Solar and Stellar Astrophysics},
         year = 2018,
        month = jun,
       volume = {859},
       number = {2},
          eid = {150},
        pages = {150},
          doi = {10.3847/1538-4357/aac08f},
archivePrefix = {arXiv},
       eprint = {1804.09190},
 primaryClass = {astro-ph.SR},
       adsurl = {https://ui.adsabs.harvard.edu/abs/2018ApJ...859..150R},
      adsnote = {Provided by the SAO/NASA Astrophysics Data System}
}

@ARTICLE{Concha23,
       author = {{Concha-Ram{\'\i}rez}, Francisca and {Wilhelm}, Martijn J.~C. and {Portegies Zwart}, Simon},
        title = "{Evolution of circumstellar discs in young star-forming regions}",
      journal = {\mnras},
     keywords = {methods: numerical, planets and satellites: formation, stars: kinematics and dynamics, Astrophysics - Astrophysics of Galaxies},
         year = 2023,
        month = apr,
       volume = {520},
       number = {4},
        pages = {6159-6172},
          doi = {10.1093/mnras/stac1733},
archivePrefix = {arXiv},
       eprint = {2101.07826},
 primaryClass = {astro-ph.GA},
       adsurl = {https://ui.adsabs.harvard.edu/abs/2023MNRAS.520.6159C},
      adsnote = {Provided by the SAO/NASA Astrophysics Data System}
}

@ARTICLE{Cuello20,
       author = {{Cuello}, Nicol{\'a}s and {Louvet}, Fabien and {Mentiplay}, Daniel and {Pinte}, Christophe and {Price}, Daniel J. and {Winter}, Andrew J. and {Nealon}, Rebecca and {M{\'e}nard}, Fran{\c{c}}ois and {Lodato}, Giuseppe and {Dipierro}, Giovanni and {Christiaens}, Valentin and {Montesinos}, Mat{\'\i}as and {Cuadra}, Jorge and {Laibe}, Guillaume and {Cieza}, Lucas and {Dong}, Ruobing and {Alexander}, Richard},
        title = "{Flybys in protoplanetary discs - II. Observational signatures}",
      journal = {\mnras},
     keywords = {hydrodynamics, methods: numerical, planets and satellites: formation, protoplanetary discs, Astrophysics - Earth and Planetary Astrophysics, Astrophysics - Astrophysics of Galaxies, Astrophysics - Solar and Stellar Astrophysics},
         year = 2020,
        month = jan,
       volume = {491},
       number = {1},
        pages = {504-514},
          doi = {10.1093/mnras/stz2938},
archivePrefix = {arXiv},
       eprint = {1910.06822},
 primaryClass = {astro-ph.EP},
       adsurl = {https://ui.adsabs.harvard.edu/abs/2020MNRAS.491..504C},
      adsnote = {Provided by the SAO/NASA Astrophysics Data System}
}

@ARTICLE{Cuello19,
       author = {{Cuello}, Nicol{\'a}s and {Dipierro}, Giovanni and {Mentiplay}, Daniel and {Price}, Daniel J. and {Pinte}, Christophe and {Cuadra}, Jorge and {Laibe}, Guillaume and {M{\'e}nard}, Fran{\c{c}}ois and {Poblete}, Pedro P. and {Montesinos}, Mat{\'\i}as},
        title = "{Flybys in protoplanetary discs: I. Gas and dust dynamics}",
      journal = {\mnras},
     keywords = {hydrodynamics, methods: numerical, planets and satellites: formation, protoplanetary discs, Astrophysics - Earth and Planetary Astrophysics, Astrophysics - Solar and Stellar Astrophysics},
         year = 2019,
        month = mar,
       volume = {483},
       number = {3},
        pages = {4114-4139},
          doi = {10.1093/mnras/sty3325},
archivePrefix = {arXiv},
       eprint = {1812.00961},
 primaryClass = {astro-ph.EP},
       adsurl = {https://ui.adsabs.harvard.edu/abs/2019MNRAS.483.4114C},
      adsnote = {Provided by the SAO/NASA Astrophysics Data System}
}

@ARTICLE{Cuello23,
       author = {{Cuello}, Nicol{\'a}s and {M{\'e}nard}, Fran{\c{c}}ois and {Price}, Daniel J.},
        title = "{Close encounters: How stellar flybys shape planet-forming discs}",
      journal = {European Physical Journal Plus},
     keywords = {Astrophysics - Earth and Planetary Astrophysics, Astrophysics - Astrophysics of Galaxies, Astrophysics - Solar and Stellar Astrophysics},
         year = 2023,
        month = jan,
       volume = {138},
       number = {1},
          eid = {11},
        pages = {11},
          doi = {10.1140/epjp/s13360-022-03602-w},
archivePrefix = {arXiv},
       eprint = {2207.09752},
 primaryClass = {astro-ph.EP},
       adsurl = {https://ui.adsabs.harvard.edu/abs/2023EPJP..138...11C},
      adsnote = {Provided by the SAO/NASA Astrophysics Data System}
}

@INPROCEEDINGS{Pfalzner13,
       author = {{Pfalzner}, Susanne and {Steinhausen}, Manuel},
        title = "{Environmental-Induced Disc Destruction - Photo-Evaporation or Tidal Stripping?}",
    booktitle = {Protostars and Planets VI Posters},
         year = 2013,
        month = jul,
       adsurl = {https://ui.adsabs.harvard.edu/abs/2013prpl.conf2S040P},
      adsnote = {Provided by the SAO/NASA Astrophysics Data System}
}

@ARTICLE{GAIAII,
       author = {{Rezaei Kh.}, Sara and {Bailer-Jones}, Coryn A.~L. and {Soler}, Juan D. and {Zari}, Eleonora},
        title = "{Detailed 3D structure of Orion A in dust with Gaia DR2}",
      journal = {\aap},
     keywords = {ISM: clouds, ISM: bubbles, ISM: individual objects: Orion A, dust, extinction, ISM: magnetic fields, Astrophysics - Astrophysics of Galaxies},
         year = 2020,
        month = nov,
       volume = {643},
          eid = {A151},
        pages = {A151},
          doi = {10.1051/0004-6361/202038708},
archivePrefix = {arXiv},
       eprint = {2007.01331},
 primaryClass = {astro-ph.GA},
       adsurl = {https://ui.adsabs.harvard.edu/abs/2020A&A...643A.151R},
      adsnote = {Provided by the SAO/NASA Astrophysics Data System}
}

@ARTICLE{Winter22,
       author = {{Winter}, Andrew J. and {Haworth}, Thomas J.},
        title = "{The external photoevaporation of planet-forming discs}",
      journal = {European Physical Journal Plus},
     keywords = {Astrophysics - Earth and Planetary Astrophysics, Astrophysics - Solar and Stellar Astrophysics},
         year = 2022,
        month = oct,
       volume = {137},
       number = {10},
          eid = {1132},
        pages = {1132},
          doi = {10.1140/epjp/s13360-022-03314-1},
archivePrefix = {arXiv},
       eprint = {2206.11910},
 primaryClass = {astro-ph.EP},
       adsurl = {https://ui.adsabs.harvard.edu/abs/2022EPJP..137.1132W},
      adsnote = {Provided by the SAO/NASA Astrophysics Data System}
}

@ARTICLE{NoSingleGAIA,
       author = {{Gaia Collaboration}},
        title = "{VizieR Online Data Catalog: Gaia DR3 Part 3. Non-single stars (Gaia Collaboration, 2022)}",
      journal = {VizieR Online Data Catalog},
     keywords = {Gaia},
         year = 2022,
        month = may,
          eid = {I/357},
        pages = {I/357},
       adsurl = {https://ui.adsabs.harvard.edu/abs/2022yCat.1357....0G},
      adsnote = {Provided by the SAO/NASA Astrophysics Data System}
}


@ARTICLE{Pascucci16,
       author = {{Pascucci}, I. and {Testi}, L. and {Herczeg}, G.~J. and {Long}, F. and {Manara}, C.~F. and {Hendler}, N. and {Mulders}, G.~D. and {Krijt}, S. and {Ciesla}, F. and {Henning}, Th. and {Mohanty}, S. and {Drabek-Maunder}, E. and {Apai}, D. and {Sz{\H{u}}cs}, L. and {Sacco}, G. and {Olofsson}, J.},
        title = "{A Steeper than Linear Disk Mass-Stellar Mass Scaling Relation}",
      journal = {\apj},
     keywords = {brown dwarfs, protoplanetary disks, stars: pre-main sequence, submillimeter: planetary systems, Astrophysics - Earth and Planetary Astrophysics, Astrophysics - Solar and Stellar Astrophysics},
         year = 2016,
        month = nov,
       volume = {831},
       number = {2},
          eid = {125},
        pages = {125},
          doi = {10.3847/0004-637X/831/2/125},
archivePrefix = {arXiv},
       eprint = {1608.03621},
 primaryClass = {astro-ph.EP},
       adsurl = {https://ui.adsabs.harvard.edu/abs/2016ApJ...831..125P},
      adsnote = {Provided by the SAO/NASA Astrophysics Data System}
}

@ARTICLE{vanTerwisgaCAT22,
       author = {{van Terwisga}, S.~E. and {Hacar}, A. and {van Dishoeck}, E.~F. and {Oonk}, R. and {Portegies Zwart}, S.},
        title = "{VizieR Online Data Catalog: Survey of Orion disks with ALMA (SODA) (van Terwisga+, 2022)}",
      journal = {VizieR Online Data Catalog},
     keywords = {Surveys, Stars: pre-main sequence, Radio sources},
         year = 2022,
        month = mar,
          eid = {J/A+A/661/A53},
        pages = {J/A+A/661/A53},
          doi = {10.26093/cds/vizier.36610053},
       adsurl = {https://ui.adsabs.harvard.edu/abs/2022yCat..36610053V},
      adsnote = {Provided by the SAO/NASA Astrophysics Data System}
}

@ARTICLE{Grossschedl20,
       author = {{Gro{\ss}schedl}, J.~E. and {Alves}, J. and {Teixeira}, P.~S. and {Bouy}, H. and {Forbrich}, J. and {Lada}, C.~J. and {Meingast}, S. and {Hacar}, A. and {Ascenso}, J. and {Ackerl}, C. and {Hasenberger}, B. and {Kohler}, R. and {Kubiak}, K. and {Larreina}, I. and {Linhardt}, L. and {Lombardi}, M. and {Moller}, T.},
        title = "{VizieR Online Data Catalog: Vienna survey in Orion. III. (Grossschedl+, 2019)}",
      journal = {VizieR Online Data Catalog},
     keywords = {YSOs, Stars: pre-main sequence, Colors, Combined data, Infrared sources, Photometry: infrared, Protostars},
         year = 2020,
        month = nov,
          eid = {J/A+A/622/A149},
        pages = {J/A+A/622/A149},
          doi = {10.26093/cds/vizier.36220149},
       adsurl = {https://ui.adsabs.harvard.edu/abs/2020yCat..36220149G},
      adsnote = {Provided by the SAO/NASA Astrophysics Data System}
}

@ARTICLE{SeguraCox18,
       author = {{Segura-Cox}, Dominique M. and {Looney}, Leslie W. and {Tobin}, John J. and {Li}, Zhi-Yun and {Harris}, Robert J. and {Sadavoy}, Sarah and {Dunham}, Michael M. and {Chandler}, Claire and {Kratter}, Kaitlin and {P{\'e}rez}, Laura and {Melis}, Carl},
        title = "{The VLA Nascent Disk and Multiplicity Survey of Perseus Protostars (VANDAM). V. 18 Candidate Disks around Class 0 and I Protostars in the Perseus Molecular Cloud}",
      journal = {\apj},
     keywords = {circumstellar matter, protoplanetary disks, stars: protostars, Astrophysics - Solar and Stellar Astrophysics, Astrophysics - Astrophysics of Galaxies},
         year = 2018,
        month = oct,
       volume = {866},
       number = {2},
          eid = {161},
        pages = {161},
          doi = {10.3847/1538-4357/aaddf3},
archivePrefix = {arXiv},
       eprint = {1808.10438},
 primaryClass = {astro-ph.SR},
       adsurl = {https://ui.adsabs.harvard.edu/abs/2018ApJ...866..161S},
      adsnote = {Provided by the SAO/NASA Astrophysics Data System}
}

@ARTICLE{AndrewsS20,
       author = {{Andrews}, Sean M.},
        title = "{Observations of Protoplanetary Disk Structures}",
      journal = {\araa},
     keywords = {Astrophysics - Earth and Planetary Astrophysics, Astrophysics - Solar and Stellar Astrophysics},
         year = 2020,
        month = aug,
       volume = {58},
        pages = {483-528},
          doi = {10.1146/annurev-astro-031220-010302},
archivePrefix = {arXiv},
       eprint = {2001.05007},
 primaryClass = {astro-ph.EP},
       adsurl = {https://ui.adsabs.harvard.edu/abs/2020ARA&A..58..483A},
      adsnote = {Provided by the SAO/NASA Astrophysics Data System}
}

@ARTICLE{Parker23,
       author = {{Parker}, Richard J.},
        title = "{A dependence of binary and planetary system destruction on subtle variations in the substructure in young star-forming regions}",
      journal = {\mnras},
     keywords = {methods: numerical, planets and satellites: dynamical evolution and stability, planets and satellites: gaseous planets, binaries: general, open clusters and associations: general, Astrophysics - Solar and Stellar Astrophysics, Astrophysics - Earth and Planetary Astrophysics, Astrophysics - Astrophysics of Galaxies},
         year = 2023,
        month = oct,
       volume = {525},
       number = {2},
        pages = {2907-2915},
          doi = {10.1093/mnras/stad2444},
archivePrefix = {arXiv},
       eprint = {2308.05790},
 primaryClass = {astro-ph.SR},
       adsurl = {https://ui.adsabs.harvard.edu/abs/2023MNRAS.525.2907P},
      adsnote = {Provided by the SAO/NASA Astrophysics Data System}
}

@ARTICLE{Fazio04,
       author = {{Fazio}, G.~G. and {Hora}, J.~L. and {Allen}, L.~E. and {Ashby}, M.~L.~N. and {Barmby}, P. and {Deutsch}, L.~K. and {Huang}, J. -S. and {Kleiner}, S. and {Marengo}, M. and {Megeath}, S.~T. and {Melnick}, G.~J. and {Pahre}, M.~A. and {Patten}, B.~M. and {Polizotti}, J. and {Smith}, H.~A. and {Taylor}, R.~S. and {Wang}, Z. and {Willner}, S.~P. and {Hoffmann}, W.~F. and {Pipher}, J.~L. and {Forrest}, W.~J. and {McMurty}, C.~W. and {McCreight}, C.~R. and {McKelvey}, M.~E. and {McMurray}, R.~E. and {Koch}, D.~G. and {Moseley}, S.~H. and {Arendt}, R.~G. and {Mentzell}, J.~E. and {Marx}, C.~T. and {Losch}, P. and {Mayman}, P. and {Eichhorn}, W. and {Krebs}, D. and {Jhabvala}, M. and {Gezari}, D.~Y. and {Fixsen}, D.~J. and {Flores}, J. and {Shakoorzadeh}, K. and {Jungo}, R. and {Hakun}, C. and {Workman}, L. and {Karpati}, G. and {Kichak}, R. and {Whitley}, R. and {Mann}, S. and {Tollestrup}, E.~V. and {Eisenhardt}, P. and {Stern}, D. and {Gorjian}, V. and {Bhattacharya}, B. and {Carey}, S. and {Nelson}, B.~O. and {Glaccum}, W.~J. and {Lacy}, M. and {Lowrance}, P.~J. and {Laine}, S. and {Reach}, W.~T. and {Stauffer}, J.~A. and {Surace}, J.~A. and {Wilson}, G. and {Wright}, E.~L. and {Hoffman}, A. and {Domingo}, G. and {Cohen}, M.},
        title = "{The Infrared Array Camera (IRAC) for the Spitzer Space Telescope}",
      journal = {\apjs},
     keywords = {Infrared: General, Instrumentation: Detectors, Space Vehicles: Instruments, Astrophysics},
         year = 2004,
        month = sep,
       volume = {154},
       number = {1},
        pages = {10-17},
          doi = {10.1086/422843},
archivePrefix = {arXiv},
       eprint = {astro-ph/0405616},
 primaryClass = {astro-ph},
       adsurl = {https://ui.adsabs.harvard.edu/abs/2004ApJS..154...10F},
      adsnote = {Provided by the SAO/NASA Astrophysics Data System}
}

@ARTICLE{Megeath16,
       author = {{Megeath}, S.~T. and {Gutermuth}, R. and {Muzerolle}, J. and {Kryukova}, E. and {Hora}, J.~L. and {Allen}, L.~E. and {Flaherty}, K. and {Hartmann}, L. and {Myers}, P.~C. and {Pipher}, J.~L. and {Stauffer}, J. and {Young}, E.~T. and {Fazio}, G.~G.},
        title = "{The Spitzer Space Telescope Survey of the Orion A and B Molecular Clouds. II. The Spatial Distribution and Demographics of Dusty Young Stellar Objects}",
      journal = {\aj},
     keywords = {infrared: stars, ISM: individual objects: Orion A, Orion B, stars: formation, stars: protostars, stars: variables: T Tauri, Herbig Ae/Be, Astrophysics - Astrophysics of Galaxies, Astrophysics - Solar and Stellar Astrophysics},
         year = 2016,
        month = jan,
       volume = {151},
       number = {1},
          eid = {5},
        pages = {5},
          doi = {10.3847/0004-6256/151/1/5},
archivePrefix = {arXiv},
       eprint = {1511.01202},
 primaryClass = {astro-ph.GA},
       adsurl = {https://ui.adsabs.harvard.edu/abs/2016AJ....151....5M},
      adsnote = {Provided by the SAO/NASA Astrophysics Data System}
}



@ARTICLE{Krapp22,
       author = {{Krapp}, Leonardo and {Kratter}, Kaitlin M. and {Youdin}, Andrew N.},
        title = "{The 3D Dust and Opacity Distribution of Protoplanets in Multifluid Global Simulations}",
      journal = {\apj},
     keywords = {Planet formation, Planetary atmospheres, 1241, 1244, Astrophysics - Earth and Planetary Astrophysics},
         year = 2022,
        month = apr,
       volume = {928},
       number = {2},
          eid = {156},
        pages = {156},
          doi = {10.3847/1538-4357/ac5899},
archivePrefix = {arXiv},
       eprint = {2110.02428},
 primaryClass = {astro-ph.EP},
       adsurl = {https://ui.adsabs.harvard.edu/abs/2022ApJ...928..156K},
      adsnote = {Provided by the SAO/NASA Astrophysics Data System}
}

@ARTICLE{AndrewsWilliams05,
       author = {{Andrews}, Sean M. and {Williams}, Jonathan P.},
        title = "{Circumstellar Dust Disks in Taurus-Auriga: The Submillimeter Perspective}",
      journal = {\apj},
     keywords = {Stars: Circumstellar Matter, Stars: Planetary Systems: Protoplanetary Disks, Solar System: Formation, Stars: Pre-Main-Sequence, Astrophysics},
         year = 2005,
        month = oct,
       volume = {631},
       number = {2},
        pages = {1134-1160},
          doi = {10.1086/432712},
archivePrefix = {arXiv},
       eprint = {astro-ph/0506187},
 primaryClass = {astro-ph},
       adsurl = {https://ui.adsabs.harvard.edu/abs/2005ApJ...631.1134A},
      adsnote = {Provided by the SAO/NASA Astrophysics Data System}
}



@ARTICLE{Beckwith90,
       author = {{Beckwith}, Steven V.~W. and {Sargent}, Anneila I. and {Chini}, Rolf S. and {Guesten}, Rolf},
        title = "{A Survey for Circumstellar Disks around Young Stellar Objects}",
      journal = {\aj},
     keywords = {Molecular Clouds, Pre-Main Sequence Stars, Sky Surveys (Astronomy), Stellar Envelopes, T Tauri Stars, Auriga Constellation, Computational Astrophysics, Emission Spectra, H Alpha Line, Milky Way Galaxy, Stellar Evolution, Taurus Constellation, Astrophysics, STARS: PRE-MAIN-SEQUENCE, STARS: CIRCUMSTELLAR SHELLS},
         year = 1990,
        month = mar,
       volume = {99},
        pages = {924},
          doi = {10.1086/115385},
       adsurl = {https://ui.adsabs.harvard.edu/abs/1990AJ.....99..924B},
      adsnote = {Provided by the SAO/NASA Astrophysics Data System}
}

@ARTICLE{Macias21,
       author = {{Mac{\'\i}as}, E. and {Guerra-Alvarado}, O. and {Carrasco-Gonz{\'a}lez}, C. and {Ribas}, {\'A}. and {Espaillat}, C.~C. and {Huang}, J. and {Andrews}, S.~M.},
        title = "{Characterizing the dust content of disk substructures in TW Hydrae}",
      journal = {\aap},
     keywords = {accretion, accretion disks, protoplanetary disks, planets and satellites: formation, stars: pre-main sequence, radio continuum: general, techniques: interferometric, Astrophysics - Earth and Planetary Astrophysics, Astrophysics - Solar and Stellar Astrophysics},
         year = 2021,
        month = apr,
       volume = {648},
          eid = {A33},
        pages = {A33},
          doi = {10.1051/0004-6361/202039812},
archivePrefix = {arXiv},
       eprint = {2102.04648},
 primaryClass = {astro-ph.EP},
       adsurl = {https://ui.adsabs.harvard.edu/abs/2021A&A...648A..33M},
      adsnote = {Provided by the SAO/NASA Astrophysics Data System}
}

@ARTICLE{Zurlo20,
       author = {{Zurlo}, Alice and {Cieza}, Lucas A. and {P{\'e}rez}, Sebasti{\'a}n and {Christiaens}, Valentin and {Williams}, Jonathan P. and {Guidi}, Greta and {C{\'a}novas}, Hector and {Casassus}, Simon and {Hales}, Antonio and {Principe}, David A. and {Ru{\'\i}z-Rodr{\'\i}guez}, Dary and {Fernandez-Figueroa}, Antonia},
        title = "{The Ophiuchus DIsc Survey Employing ALMA (ODISEA) - II. The effect of stellar multiplicity on disc properties}",
      journal = {\mnras},
     keywords = {protoplanetary discs, submillimetre: planetary systems, instrumentation: adaptive optics, binaries: visual, planets and satellites: formation, Astrophysics - Solar and Stellar Astrophysics, Astrophysics - Earth and Planetary Astrophysics, Astrophysics - Astrophysics of Galaxies},
         year = 2020,
        month = aug,
       volume = {496},
       number = {4},
        pages = {5089-5100},
          doi = {10.1093/mnras/staa1886},
archivePrefix = {arXiv},
       eprint = {2006.16259},
 primaryClass = {astro-ph.SR},
       adsurl = {https://ui.adsabs.harvard.edu/abs/2020MNRAS.496.5089Z},
      adsnote = {Provided by the SAO/NASA Astrophysics Data System}
}

@ARTICLE{Ansdell17,
       author = {{Ansdell}, M. and {Williams}, J.~P. and {Manara}, C.~F. and {Miotello}, A. and {Facchini}, S. and {van der Marel}, N. and {Testi}, L. and {van Dishoeck}, E.~F.},
        title = "{An ALMA Survey of Protoplanetary Disks in the {\ensuremath{\sigma}} Orionis Cluster}",
      journal = {\aj},
     keywords = {accretion, accretion disks, circumstellar matter, planets and satellites: formation, protoplanetary disks, stars: pre-main sequence, stars: protostars, Astrophysics - Earth and Planetary Astrophysics, Astrophysics - Astrophysics of Galaxies, Astrophysics - Solar and Stellar Astrophysics},
         year = 2017,
        month = may,
       volume = {153},
       number = {5},
          eid = {240},
        pages = {240},
          doi = {10.3847/1538-3881/aa69c0},
archivePrefix = {arXiv},
       eprint = {1703.08546},
 primaryClass = {astro-ph.EP},
       adsurl = {https://ui.adsabs.harvard.edu/abs/2017AJ....153..240A},
      adsnote = {Provided by the SAO/NASA Astrophysics Data System}
}

@ARTICLE{Barenfeld16,
       author = {{Barenfeld}, Scott A. and {Carpenter}, John M. and {Ricci}, Luca and {Isella}, Andrea},
        title = "{ALMA Observations of Circumstellar Disks in the Upper Scorpius OB Association}",
      journal = {\apj},
     keywords = {open clusters and associations: individual: Upper Scorpius OB1, protoplanetary disks, stars: pre-main sequence, Astrophysics - Earth and Planetary Astrophysics},
         year = 2016,
        month = aug,
       volume = {827},
       number = {2},
          eid = {142},
        pages = {142},
          doi = {10.3847/0004-637X/827/2/142},
archivePrefix = {arXiv},
       eprint = {1605.05772},
 primaryClass = {astro-ph.EP},
       adsurl = {https://ui.adsabs.harvard.edu/abs/2016ApJ...827..142B},
      adsnote = {Provided by the SAO/NASA Astrophysics Data System}
}

@ARTICLE{Grant18,
       author = {{Grant}, Sierra L. and {Espaillat}, Catherine C. and {Megeath}, S. Thomas and {Calvet}, Nuria and {Fischer}, William J. and {Miller}, Christopher J. and {Kim}, Kyoung Hee and {Stutz}, Amelia M. and {Ribas}, {\'A}lvaro and {Robinson}, Connor E.},
        title = "{Herschel Observations of Protoplanetary Disks in Lynds 1641}",
      journal = {\apj},
     keywords = {accretion, accretion disks, circumstellar matter, infrared: stars, protoplanetary disks, Astrophysics - Solar and Stellar Astrophysics, Astrophysics - Astrophysics of Galaxies},
         year = 2018,
        month = aug,
       volume = {863},
       number = {1},
          eid = {13},
        pages = {13},
          doi = {10.3847/1538-4357/aacda7},
archivePrefix = {arXiv},
       eprint = {1806.06825},
 primaryClass = {astro-ph.SR},
       adsurl = {https://ui.adsabs.harvard.edu/abs/2018ApJ...863...13G},
      adsnote = {Provided by the SAO/NASA Astrophysics Data System}
}

@ARTICLE{Feigelson85,
       author = {{Feigelson}, E.~D. and {Nelson}, P.~I.},
        title = "{Statistical methods for astronomical data with upper limits. I. Univariate distributions.}",
      journal = {\apj},
     keywords = {Multivariate Statistical Analysis, Radio Astronomy, X Ray Astronomy, Error Analysis, Galaxies, Maximum Likelihood Estimates, Radio Sources (Astronomy), Astrophysics},
         year = 1985,
        month = jun,
       volume = {293},
        pages = {192-206},
          doi = {10.1086/163225},
       adsurl = {https://ui.adsabs.harvard.edu/abs/1985ApJ...293..192F},
      adsnote = {Provided by the SAO/NASA Astrophysics Data System}
}

@ARTICLE{VanTerwisga23,
       author = {{van Terwisga}, S.~E. and {Hacar}, A.},
        title = "{Survey of Orion Disks with ALMA (SODA). II. UV-driven disk mass loss in L1641 and L1647}",
      journal = {\aap},
     keywords = {protoplanetary disks, Astrophysics - Earth and Planetary Astrophysics, Astrophysics - Astrophysics of Galaxies, Astrophysics - Solar and Stellar Astrophysics},
         year = 2023,
        month = may,
       volume = {673},
          eid = {L2},
        pages = {L2},
          doi = {10.1051/0004-6361/202346135},
archivePrefix = {arXiv},
       eprint = {2304.05777},
 primaryClass = {astro-ph.EP},
       adsurl = {https://ui.adsabs.harvard.edu/abs/2023A&A...673L...2V},
      adsnote = {Provided by the SAO/NASA Astrophysics Data System}
}

@ARTICLE{DaRio,
       author = {{Da Rio}, Nicola and {Tan}, Jonathan C. and {Covey}, Kevin R. and {Cottaar}, Michiel and {Foster}, Jonathan B. and {Cullen}, Nicholas C. and {Tobin}, John J. and {Kim}, Jinyoung S. and {Meyer}, Michael R. and {Nidever}, David L. and {Stassun}, Keivan G. and {Chojnowski}, S. Drew and {Flaherty}, Kevin M. and {Majewski}, Steve and {Skrutskie}, Michael F. and {Zasowski}, Gail and {Pan}, Kaike},
        title = "{IN-SYNC. IV. The Young Stellar Population in the Orion A Molecular Cloud}",
      journal = {\apj},
     keywords = {open clusters and associations: individual: Orion Nebula Cluster, L1641, stars: formation, stars: kinematics and dynamics, stars: pre-main sequence, Astrophysics - Astrophysics of Galaxies},
         year = 2016,
        month = feb,
       volume = {818},
       number = {1},
          eid = {59},
        pages = {59},
          doi = {10.3847/0004-637X/818/1/59},
archivePrefix = {arXiv},
       eprint = {1511.04147},
 primaryClass = {astro-ph.GA},
       adsurl = {https://ui.adsabs.harvard.edu/abs/2016ApJ...818...59D},
      adsnote = {Provided by the SAO/NASA Astrophysics Data System}
}

@INPROCEEDINGS{Andrews16,
       author = {{Andrews}, Sean},
        title = "{Millimeter Continuum Observations Of Disk Solids}",
     keywords = {Zenodo community planet-formation2016},
    booktitle = {Resolving planet formation in the era of ALMA and extreme AO. Proceedings of the conference held 16-20 May},
         year = 2016,
        month = jul,
          eid = {15},
        pages = {15},
          doi = {10.5281/zenodo.58216},
       adsurl = {https://ui.adsabs.harvard.edu/abs/2016rpfe.confE..15A},
      adsnote = {Provided by the SAO/NASA Astrophysics Data System}
}