% ------------------------------------------------------------------------
% IISE Transactions BIBLIOGRAPHY FILE
% ------------------------------------------------------------------------


@ARTICLE{Barragan2018,
       author = {{Barrag{\'a}n}, O. and {Gandolfi}, D. and {Dai}, F. and {Livingston}, J. and {Persson}, C.~M. and {Hirano}, T. and {Narita}, N. and {Csizmadia}, Sz. and {Winn}, J.~N. and {Nespral}, D. and {Prieto-Arranz}, J. and {Smith}, A.~M.~S. and {Nowak}, G. and {Albrecht}, S. and {Antoniciello}, G. and {Bo Justesen}, A. and {Cabrera}, J. and {Cochran}, W.~D. and {Deeg}, H. and {Eigmuller}, Ph. and {Endl}, M. and {Erikson}, A. and {Fridlund}, M. and {Fukui}, A. and {Grziwa}, S. and {Guenther}, E. and {Hatzes}, A.~P. and {Hidalgo}, D. and {Johnson}, M.~C. and {Korth}, J. and {Palle}, E. and {Patzold}, M. and {Rauer}, H. and {Tanaka}, Y. and {Van Eylen}, V.},
        title = "{K2-141 b. A 5-M$_{{\ensuremath{\oplus}}}$ super-Earth transiting a K7 V star every 6.7 h}",
      journal = {\aap},
     keywords = {planetary systems, planets and satellites: individual: EPIC 246393474 b, stars: fundamental parameters, stars: individual: EPIC 246393474, techniques: photometric, techniques: radial velocities, Astrophysics - Earth and Planetary Astrophysics, Astrophysics - Solar and Stellar Astrophysics},
         year = 2018,
        month = may,
       volume = {612},
          eid = {A95},
        pages = {A95},
          doi = {10.1051/0004-6361/201732217},
archivePrefix = {arXiv},
       eprint = {1711.02097},
 primaryClass = {astro-ph.EP},
       adsurl = {https://ui.adsabs.harvard.edu/abs/2018A&A...612A..95B},
      adsnote = {Provided by the SAO/NASA Astrophysics Data System}
}






@ARTICLE{Batalha2011,
       author = {{Batalha}, Natalie M. and {Borucki}, William J. and {Bryson}, Stephen T. and {Buchhave}, Lars A. and {Caldwell}, Douglas A. and {Christensen-Dalsgaard}, J{\o}rgen and {Ciardi}, David and {Dunham}, Edward W. and {Fressin}, Francois and {Gautier}, Thomas N., III and {Gilliland}, Ronald L. and {Haas}, Michael R. and {Howell}, Steve B. and {Jenkins}, Jon M. and {Kjeldsen}, Hans and {Koch}, David G. and {Latham}, David W. and {Lissauer}, Jack J. and {Marcy}, Geoffrey W. and {Rowe}, Jason F. and {Sasselov}, Dimitar D. and {Seager}, Sara and {Steffen}, Jason H. and {Torres}, Guillermo and {Basri}, Gibor S. and {Brown}, Timothy M. and {Charbonneau}, David and {Christiansen}, Jessie and {Clarke}, Bruce and {Cochran}, William D. and {Dupree}, Andrea and {Fabrycky}, Daniel C. and {Fischer}, Debra and {Ford}, Eric B. and {Fortney}, Jonathan and {Girouard}, Forrest R. and {Holman}, Matthew J. and {Johnson}, John and {Isaacson}, Howard and {Klaus}, Todd C. and {Machalek}, Pavel and {Moorehead}, Althea V. and {Morehead}, Robert C. and {Ragozzine}, Darin and {Tenenbaum}, Peter and {Twicken}, Joseph and {Quinn}, Samuel and {VanCleve}, Jeffrey and {Walkowicz}, Lucianne M. and {Welsh}, William F. and {Devore}, Edna and {Gould}, Alan},
        title = "{Kepler's First Rocky Planet: Kepler-10b}",
      journal = {\apj},
     keywords = {planetary systems, stars: individual: Kepler-10 KIC 11904151 2MASS 19024305+5014286, techniques: photometric, techniques: spectroscopic, Astrophysics - Earth and Planetary Astrophysics},
         year = 2011,
        month = mar,
       volume = {729},
       number = {1},
          eid = {27},
        pages = {27},
          doi = {10.1088/0004-637X/729/1/27},
archivePrefix = {arXiv},
       eprint = {1102.0605},
 primaryClass = {astro-ph.EP},
       adsurl = {https://ui.adsabs.harvard.edu/abs/2011ApJ...729...27B},
      adsnote = {Provided by the SAO/NASA Astrophysics Data System}
}




@article{Boukare2022,
author = {Boukar\'e, Charles-Édouard and Cowan, Nicolas and Badro, James},
year = {2022},
month = {09},
pages = {148},
title = {Deep Two-phase, Hemispherical Magma Oceans on Lava Planets},
volume = {936},
journal = {The Astrophysical Journal},
doi = {10.3847/1538-4357/ac8792}
}




@ARTICLE{Castan2011,
       author = {{Castan}, Thibaut and {Menou}, Kristen},
        title = "{Atmospheres of Hot Super-Earths}",
      journal = {\apjl},
     keywords = {hydrodynamics, Astrophysics - Earth and Planetary Astrophysics},
         year = 2011,
        month = dec,
       volume = {743},
       number = {2},
          eid = {L36},
        pages = {L36},
          doi = {10.1088/2041-8205/743/2/L36},
archivePrefix = {arXiv},
       eprint = {1109.0659},
 primaryClass = {astro-ph.EP},
       adsurl = {https://ui.adsabs.harvard.edu/abs/2011ApJ...743L..36C},
      adsnote = {Provided by the SAO/NASA Astrophysics Data System}
}



@article{chao2021,
  title={Lava worlds: From early earth to exoplanets},
  author={Chao, Keng-Hsien and deGraffenried, Rebecca and Lach, Mackenzie and Nelson, William and Truax, Kelly and Gaidos, Eric},
  journal={Geochemistry},
  volume={81},
  number={2},
  pages={125735},
  year={2021},
  publisher={Elsevier}
}






@ARTICLE{Demory2011,
       author = {{Demory}, B. -O. and {Gillon}, M. and {Deming}, D. and {Valencia}, D. and {Seager}, S. and {Benneke}, B. and {Lovis}, C. and {Cubillos}, P. and {Harrington}, J. and {Stevenson}, K.~B. and {Mayor}, M. and {Pepe}, F. and {Queloz}, D. and {S{\'e}gransan}, D. and {Udry}, S.},
        title = "{Detection of a transit of the super-Earth 55 Cancri e with warm Spitzer}",
      journal = {\aap},
     keywords = {binaries: eclipsing, planetary systems, stars: individual: 55 Cnc, techniques: photometric, Astrophysics - Earth and Planetary Astrophysics},
         year = 2011,
        month = sep,
       volume = {533},
          eid = {A114},
        pages = {A114},
          doi = {10.1051/0004-6361/201117178},
archivePrefix = {arXiv},
       eprint = {1105.0415},
 primaryClass = {astro-ph.EP},
       adsurl = {https://ui.adsabs.harvard.edu/abs/2011A&A...533A.114D},
      adsnote = {Provided by the SAO/NASA Astrophysics Data System}
}




@ARTICLE{Elkins2012,
       author = {{Elkins-Tanton}, Linda T.},
        title = "{Magma Oceans in the Inner Solar System}",
      journal = {Annual Review of Earth and Planetary Sciences},
         year = 2012,
        month = may,
       volume = {40},
       number = {1},
        pages = {113-139},
          doi = {10.1146/annurev-earth-042711-105503},
       adsurl = {https://ui.adsabs.harvard.edu/abs/2012AREPS..40..113E},
      adsnote = {Provided by the SAO/NASA Astrophysics Data System}
}




@article{Fiq2010,
author = {Fiquet, G and Auzende, A. and Siebert, Julien and Corgne, Alexandre and Bureau, Helene and Tateno, Haruka and Garbarino, Gaston},
year = {2010},
month = {09},
pages = {1516-8},
title = {Melting of Peridotite to 140 Gigapascals},
volume = {329},
journal = {Science (New York, N.Y.)},
doi = {10.1126/science.1192448}
}




@ARTICLE{Kite2016,
       author = {{Kite}, Edwin S. and {Fegley}, Bruce, Jr. and {Schaefer}, Laura and {Gaidos}, Eric},
        title = "{Atmosphere-interior Exchange on Hot, Rocky Exoplanets}",
      journal = {\apj},
     keywords = {planets and satellites: individual: Kepler-10 b, CoRoT-7 b, KIC 12557548 b, 55 Cnc e, HD 219134 b, Astrophysics - Earth and Planetary Astrophysics},
         year = 2016,
        month = sep,
       volume = {828},
       number = {2},
          eid = {80},
        pages = {80},
          doi = {10.3847/0004-637X/828/2/80},
archivePrefix = {arXiv},
       eprint = {1606.06740},
 primaryClass = {astro-ph.EP},
       adsurl = {https://ui.adsabs.harvard.edu/abs/2016ApJ...828...80K},
      adsnote = {Provided by the SAO/NASA Astrophysics Data System}
}



@ARTICLE{Lab2003,
       author = {{Labrosse}, St{\'e}phane},
        title = "{Thermal and magnetic evolution of the Earth's core}",
      journal = {Physics of the Earth and Planetary Interiors},
         year = 2003,
        month = nov,
       volume = {140},
       number = {1-3},
        pages = {127-143},
          doi = {10.1016/j.pepi.2003.07.006},
       adsurl = {https://ui.adsabs.harvard.edu/abs/2003PEPI..140..127L},
      adsnote = {Provided by the SAO/NASA Astrophysics Data System}
}





@ARTICLE{Lab2015,
       author = {{Labrosse}, St{\'e}phane},
        title = "{Thermal evolution of the core with a high thermal conductivity}",
      journal = {Physics of the Earth and Planetary Interiors},
     keywords = {Core thermodynamics, Core evolution, Core mantle boundary heat flow, Inner core age, Early geodynamo},
         year = 2015,
        month = oct,
       volume = {247},
        pages = {36-55},
          doi = {10.1016/j.pepi.2015.02.002},
       adsurl = {https://ui.adsabs.harvard.edu/abs/2015PEPI..247...36L},
      adsnote = {Provided by the SAO/NASA Astrophysics Data System}
}







@ARTICLE{Leger2009,
       author = {{L{\'e}ger}, A. and {Rouan}, D. and {Schneider}, J. and {Barge}, P. and {Fridlund}, M. and {Samuel}, B. and {Ollivier}, M. and {Guenther}, E. and {Deleuil}, M. and {Deeg}, H.~J. and {Auvergne}, M. and {Alonso}, R. and {Aigrain}, S. and {Alapini}, A. and {Almenara}, J.~M. and {Baglin}, A. and {Barbieri}, M. and {Bruntt}, H. and {Bord{\'e}}, P. and {Bouchy}, F. and {Cabrera}, J. and {Catala}, C. and {Carone}, L. and {Carpano}, S. and {Csizmadia}, Sz. and {Dvorak}, R. and {Erikson}, A. and {Ferraz-Mello}, S. and {Foing}, B. and {Fressin}, F. and {Gandolfi}, D. and {Gillon}, M. and {Gondoin}, Ph. and {Grasset}, O. and {Guillot}, T. and {Hatzes}, A. and {H{\'e}brard}, G. and {Jorda}, L. and {Lammer}, H. and {Llebaria}, A. and {Loeillet}, B. and {Mayor}, M. and {Mazeh}, T. and {Moutou}, C. and {P{\"a}tzold}, M. and {Pont}, F. and {Queloz}, D. and {Rauer}, H. and {Renner}, S. and {Samadi}, R. and {Shporer}, A. and {Sotin}, Ch. and {Tingley}, B. and {Wuchterl}, G. and {Adda}, M. and {Agogu}, P. and {Appourchaux}, T. and {Ballans}, H. and {Baron}, P. and {Beaufort}, T. and {Bellenger}, R. and {Berlin}, R. and {Bernardi}, P. and {Blouin}, D. and {Baudin}, F. and {Bodin}, P. and {Boisnard}, L. and {Boit}, L. and {Bonneau}, F. and {Borzeix}, S. and {Briet}, R. and {Buey}, J. -T. and {Butler}, B. and {Cailleau}, D. and {Cautain}, R. and {Chabaud}, P. -Y. and {Chaintreuil}, S. and {Chiavassa}, F. and {Costes}, V. and {Cuna Parrho}, V. and {de Oliveira Fialho}, F. and {Decaudin}, M. and {Defise}, J. -M. and {Djalal}, S. and {Epstein}, G. and {Exil}, G. -E. and {Faur{\'e}}, C. and {Fenouillet}, T. and {Gaboriaud}, A. and {Gallic}, A. and {Gamet}, P. and {Gavalda}, P. and {Grolleau}, E. and {Gruneisen}, R. and {Gueguen}, L. and {Guis}, V. and {Guivarc'h}, V. and {Guterman}, P. and {Hallouard}, D. and {Hasiba}, J. and {Heuripeau}, F. and {Huntzinger}, G. and {Hustaix}, H. and {Imad}, C. and {Imbert}, C. and {Johlander}, B. and {Jouret}, M. and {Journoud}, P. and {Karioty}, F. and {Kerjean}, L. and {Lafaille}, V. and {Lafond}, L. and {Lam-Trong}, T. and {Landiech}, P. and {Lapeyrere}, V. and {Larqu{\'e}}, T. and {Laudet}, P. and {Lautier}, N. and {Lecann}, H. and {Lefevre}, L. and {Leruyet}, B. and {Levacher}, P. and {Magnan}, A. and {Mazy}, E. and {Mertens}, F. and {Mesnager}, J. -M. and {Meunier}, J. -C. and {Michel}, J. -P. and {Monjoin}, W. and {Naudet}, D. and {Nguyen-Kim}, K. and {Orcesi}, J. -L. and {Ottacher}, H. and {Perez}, R. and {Peter}, G. and {Plasson}, P. and {Plesseria}, J. -Y. and {Pontet}, B. and {Pradines}, A. and {Quentin}, C. and {Reynaud}, J. -L. and {Rolland}, G. and {Rollenhagen}, F. and {Romagnan}, R. and {Russ}, N. and {Schmidt}, R. and {Schwartz}, N. and {Sebbag}, I. and {Sedes}, G. and {Smit}, H. and {Steller}, M.~B. and {Sunter}, W. and {Surace}, C. and {Tello}, M. and {Tiph{\`e}ne}, D. and {Toulouse}, P. and {Ulmer}, B. and {Vandermarcq}, O. and {Vergnault}, E. and {Vuillemin}, A. and {Zanatta}, P.},
        title = "{Transiting exoplanets from the CoRoT space mission. VIII. CoRoT-7b: the first super-Earth with measured radius}",
      journal = {\aap},
     keywords = {techniques: photometric, techniques: spectroscopic, planetary systems, techniques: high angular resolution, techniques: radial velocities, Astrophysics - Earth and Planetary Astrophysics},
         year = 2009,
        month = oct,
       volume = {506},
       number = {1},
        pages = {287-302},
          doi = {10.1051/0004-6361/200911933},
archivePrefix = {arXiv},
       eprint = {0908.0241},
 primaryClass = {astro-ph.EP},
       adsurl = {https://ui.adsabs.harvard.edu/abs/2009A&A...506..287L},
      adsnote = {Provided by the SAO/NASA Astrophysics Data System}
}



@article{Leger2011,
author = {Leger, A. and Grasset, O. and Fegley, Bruce and Codron, Francis and Albarède, Francis and Barge, Pierre and Barnes, R. and Cance, P. and Carpy, Sabrina and Catalano, F. and Cavarroc, C. and Demangeon, Olivier and Ferraz-Mello, Sylvio and Gabor, P. and Griessmeier, J. and Leibacher, John and Libourel, G. and Maurin, A-S and Raymond, Sean and Sotin, C.},
year = {2011},
month = {02},
pages = {},
title = {The extreme physical properties of the CoRoT-7b super-Earth},
volume = {213},
journal = {Icarus},
doi = {10.1016/j.icarus.2011.02.004}
}


@ARTICLE{Malavolta2018,
       author = {{Malavolta}, Luca and {Mayo}, Andrew W. and {Louden}, Tom and {Rajpaul}, Vinesh M. and {Bonomo}, Aldo S. and {Buchhave}, Lars A. and {Kreidberg}, Laura and {Kristiansen}, Martti H. and {Lopez-Morales}, Mercedes and {Mortier}, Annelies and {Vanderburg}, Andrew and {Coffinet}, Adrien and {Ehrenreich}, David and {Lovis}, Christophe and {Bouchy}, Francois and {Charbonneau}, David and {Ciardi}, David R. and {Collier Cameron}, Andrew and {Cosentino}, Rosario and {Crossfield}, Ian J.~M. and {Damasso}, Mario and {Dressing}, Courtney D. and {Dumusque}, Xavier and {Everett}, Mark E. and {Figueira}, Pedro and {Fiorenzano}, Aldo F.~M. and {Gonzales}, Erica J. and {Haywood}, Rapha{\"e}lle D. and {Harutyunyan}, Avet and {Hirsch}, Lea and {Howell}, Steve B. and {Johnson}, John Asher and {Latham}, David W. and {Lopez}, Eric and {Mayor}, Michel and {Micela}, Giusi and {Molinari}, Emilio and {Nascimbeni}, Valerio and {Pepe}, Francesco and {Phillips}, David F. and {Piotto}, Giampaolo and {Rice}, Ken and {Sasselov}, Dimitar and {S{\'e}gransan}, Damien and {Sozzetti}, Alessandro and {Udry}, St{\'e}phane and {Watson}, Chris},
        title = "{An Ultra-short Period Rocky Super-Earth with a Secondary Eclipse and a Neptune-like Companion around K2-141}",
      journal = {\aj},
     keywords = {planetary systems, planets and satellites: composition, planets and satellites: individual: K2-141b, K2-141c, planets and satellites: interiors, stars: individual: K2-141, techniques: photometric, techniques: radial velocities, Astrophysics - Earth and Planetary Astrophysics, Astrophysics - Solar and Stellar Astrophysics},
         year = 2018,
        month = mar,
       volume = {155},
       number = {3},
          eid = {107},
        pages = {107},
          doi = {10.3847/1538-3881/aaa5b5},
archivePrefix = {arXiv},
       eprint = {1801.03502},
 primaryClass = {astro-ph.EP},
       adsurl = {https://ui.adsabs.harvard.edu/abs/2018AJ....155..107M},
      adsnote = {Provided by the SAO/NASA Astrophysics Data System}
}



@article{Meier2023,
author = {Meier, Tobias and Bower, Dan and Lichtenberg, Tim and Hammond, Mark and Tackley, Paul},
year = {2023},
month = {08},
pages = {},
title = {Interior dynamics of super-Earth 55 Cancri e},
volume = {678},
journal = {Astronomy & Astrophysics},
doi = {10.1051/0004-6361/202346950}
}




@ARTICLE{Nguyen2020,
       author = {{Nguyen}, T. Giang and {Cowan}, Nicolas B. and {Banerjee}, Agnibha and {Moores}, John E.},
        title = "{Modelling the atmosphere of lava planet K2-141b: implications for low- and high-resolution spectroscopy}",
      journal = {\mnras},
     keywords = {instrumentation: detectors, methods: numerical, planets and satellites: atmospheres, Astrophysics - Earth and Planetary Astrophysics, Physics - Space Physics},
         year = 2020,
        month = dec,
       volume = {499},
       number = {4},
        pages = {4605-4612},
          doi = {10.1093/mnras/staa2487},
archivePrefix = {arXiv},
       eprint = {2010.14101},
 primaryClass = {astro-ph.EP},
       adsurl = {https://ui.adsabs.harvard.edu/abs/2020MNRAS.499.4605N},
      adsnote = {Provided by the SAO/NASA Astrophysics Data System}
}




@ARTICLE{Nguyen2022,
       author = {{Nguyen}, T. Giang and {Cowan}, Nicolas B. and {Pierrehumbert}, Raymond T. and {Lupu}, Roxana E. and {Moores}, John E.},
        title = "{The impact of ultraviolet heating and cooling on the dynamics and observability of lava planet atmospheres}",
      journal = {\mnras},
     keywords = {instrumentation: detectors, methods: numerical, planets and satellites: atmospheres, Astrophysics - Earth and Planetary Astrophysics},
         year = 2022,
        month = jul,
       volume = {513},
       number = {4},
        pages = {6125-6133},
          doi = {10.1093/mnras/stac1331},
archivePrefix = {arXiv},
       eprint = {2204.13727},
 primaryClass = {astro-ph.EP},
       adsurl = {https://ui.adsabs.harvard.edu/abs/2022MNRAS.513.6125N},
      adsnote = {Provided by the SAO/NASA Astrophysics Data System}
}






@ARTICLE{Schaefer2009,
       author = {{Schaefer}, Laura and {Fegley}, Bruce},
        title = "{Chemistry of Silicate Atmospheres of Evaporating Super-Earths}",
      journal = {\apjl},
     keywords = {astrochemistry, atmospheric effects, planets and satellites: general, Astrophysics - Earth and Planetary Astrophysics},
         year = 2009,
        month = oct,
       volume = {703},
       number = {2},
        pages = {L113-L117},
          doi = {10.1088/0004-637X/703/2/L113},
archivePrefix = {arXiv},
       eprint = {0906.1204},
 primaryClass = {astro-ph.EP},
       adsurl = {https://ui.adsabs.harvard.edu/abs/2009ApJ...703L.113S},
      adsnote = {Provided by the SAO/NASA Astrophysics Data System}
}


@article{solo2000,
author = {Solomatov},
year = {2000},
month = {09},
pages = {4105-28},
title = {Early differentiation of the Earth and the Moon},
volume = {366},
journal = {Philosophical transactions. Series A, Mathematical, physical, and engineering sciences},
doi = {10.1098/rsta.2008.0125}
}


@ARTICLE{Ty2015,
       author = {{Tyler}, Robert H. and {Henning}, Wade G. and {Hamilton}, Christopher W.},
        title = "{Tidal Heating in a Magma Ocean within Jupiter's Moon Io}",
      journal = {\apjs},
     keywords = {planets and satellites: dynamical evolution and stability, planets and satellites: general, planets and satellites: interiors},
         year = 2015,
        month = jun,
       volume = {218},
       number = {2},
          eid = {22},
        pages = {22},
          doi = {10.1088/0067-0049/218/2/22},
       adsurl = {https://ui.adsabs.harvard.edu/abs/2015ApJS..218...22T},
      adsnote = {Provided by the SAO/NASA Astrophysics Data System}
}




@ARTICLE{zhang1994,
       author = {{Zhang}, Jianzhong and {Herzberg}, Claude},
        title = "{Melting experiments on anhydrous peridotite KLB-1 from 5.0 to 22.5 GPa}",
      journal = {\jgr},
     keywords = {Earth Mantle, High Pressure, Magma, Melting, Peridotite, Temperature Effects, Accuracy, Anvils, Phase Diagrams, Precision, Scanning Electron Microscopy, Mineralogy, Petrology, and Rock Chemistry: Experimental mineralogy and petrology, and Rock Chemistry: Composition of the mantle and core},
         year = 1994,
        month = sep,
       volume = {99},
       number = {B9},
        pages = {17,729-17,742},
          doi = {10.1029/94JB01406},
       adsurl = {https://ui.adsabs.harvard.edu/abs/1994JGR....9917729Z},
      adsnote = {Provided by the SAO/NASA Astrophysics Data System}
}


@ARTICLE{Dris2015,
       author = {{Driscoll}, P.~E. and {Barnes}, R.},
        title = "{Tidal Heating of Earth-like Exoplanets around M Stars: Thermal, Magnetic, and Orbital Evolutions}",
      journal = {Astrobiology},
     keywords = {Astrophysics - Earth and Planetary Astrophysics},
         year = 2015,
        month = sep,
       volume = {15},
       number = {9},
        pages = {739-760},
          doi = {10.1089/ast.2015.1325},
archivePrefix = {arXiv},
       eprint = {1509.07452},
 primaryClass = {astro-ph.EP},
       adsurl = {https://ui.adsabs.harvard.edu/abs/2015AsBio..15..739D},
      adsnote = {Provided by the SAO/NASA Astrophysics Data System}
}


@ARTICLE{Boukare2023,
       author = {{Boukar{\'e}}, Charles-{\'E}douard and {Lemasquerier}, Daphn{\'e} and {Cowan}, Nicolas and {Samuel}, Henri and {Badro}, James},
        title = "{Lava planets interior dynamics govern the long-term evolution of their magma oceans}",
      journal = {arXiv e-prints},
     keywords = {Astrophysics - Earth and Planetary Astrophysics, Physics - Fluid Dynamics, Physics - Geophysics},
         year = 2023,
        month = aug,
          eid = {arXiv:2308.13614},
        pages = {arXiv:2308.13614},
          doi = {10.48550/arXiv.2308.13614},
archivePrefix = {arXiv},
       eprint = {2308.13614},
 primaryClass = {astro-ph.EP},
       adsurl = {https://ui.adsabs.harvard.edu/abs/2023arXiv230813614B},
      adsnote = {Provided by the SAO/NASA Astrophysics Data System}
}


@ARTICLE{Kerv2021,
       author = {{Kervazo}, M. and {Tobie}, G. and {Choblet}, G. and {Dumoulin}, C. and {B{\v{e}}hounkov{\'a}}, M.},
        title = "{Solid tides in Io's partially molten interior. Contribution of bulk dissipation}",
      journal = {\aap},
     keywords = {planets and satellites: individual: Io, planets and satellites: interiors, planets and satellites: terrestrial planets},
         year = 2021,
        month = jun,
       volume = {650},
          eid = {A72},
        pages = {A72},
          doi = {10.1051/0004-6361/202039433},
       adsurl = {https://ui.adsabs.harvard.edu/abs/2021A&A...650A..72K},
      adsnote = {Provided by the SAO/NASA Astrophysics Data System}
}

@ARTICLE{Hugh2008,
       author = {{Hughes}, Graham O. and {Griffiths}, Ross W.},
        title = "{Horizontal Convection}",
      journal = {Annual Review of Fluid Mechanics},
         year = 2008,
        month = jan,
       volume = {40},
       number = {1},
        pages = {185-208},
          doi = {10.1146/annurev.fluid.40.111406.102148},
       adsurl = {https://ui.adsabs.harvard.edu/abs/2008AnRFM..40..185H},
      adsnote = {Provided by the SAO/NASA Astrophysics Data System}
}

@ARTICLE{Zie2022,
       author = {{Zieba}, S. and {Zilinskas}, M. and {Kreidberg}, L. and {Nguyen}, T.~G. and {Miguel}, Y. and {Cowan}, N.~B. and {Pierrehumbert}, R. and {Carone}, L. and {Dang}, L. and {Hammond}, M. and {Louden}, T. and {Lupu}, R. and {Malavolta}, L. and {Stevenson}, K.~B.},
        title = "{K2 and Spitzer phase curves of the rocky ultra-short-period planet K2-141 b hint at a tenuous rock vapor atmosphere}",
      journal = {\aap},
     keywords = {planets and satellites: atmospheres, planets and satellites: individual: K2-141 b, techniques: photometric, Astrophysics - Earth and Planetary Astrophysics},
         year = 2022,
        month = aug,
       volume = {664},
          eid = {A79},
        pages = {A79},
          doi = {10.1051/0004-6361/202142912},
archivePrefix = {arXiv},
       eprint = {2203.00370},
 primaryClass = {astro-ph.EP},
       adsurl = {https://ui.adsabs.harvard.edu/abs/2022A&A...664A..79Z},
      adsnote = {Provided by the SAO/NASA Astrophysics Data System}
}

@article{Ohta2017,
author = {Ohta, Kenji and Yagi, Takashi and Hirose, Kei and Ohishi, Yasuo},
year = {2017},
month = {03},
pages = {29},
title = {Thermal conductivity of ferropericlase in the Earth's lower mantle},
volume = {465},
journal = {Earth and Planetary Science Letters},
doi = {10.1016/j.epsl.2017.02.030}
}


@ARTICLE{Sc2016,
       author = {{Schaefer}, Laura and {Wordsworth}, Robin D. and {Berta-Thompson}, Zachory and {Sasselov}, Dimitar},
        title = "{Predictions of the Atmospheric Composition of GJ 1132b}",
      journal = {\apj},
     keywords = {planet{\textendash}star interactions, planets and satellites: atmospheres, planets and satellites: composition, planets and satellites: individual: GJ 1132b, Astrophysics - Earth and Planetary Astrophysics},
         year = 2016,
        month = oct,
       volume = {829},
       number = {2},
          eid = {63},
        pages = {63},
          doi = {10.3847/0004-637X/829/2/63},
archivePrefix = {arXiv},
       eprint = {1607.03906},
 primaryClass = {astro-ph.EP},
       adsurl = {https://ui.adsabs.harvard.edu/abs/2016ApJ...829...63S},
      adsnote = {Provided by the SAO/NASA Astrophysics Data System}
}

@ARTICLE{Tach2011,
       author = {{Tachinami}, C. and {Senshu}, H. and {Ida}, S.},
        title = "{Thermal Evolution and Lifetime of Intrinsic Magnetic Fields of Super-Earths in Habitable Zones}",
      journal = {\apj},
     keywords = {planets and satellites: interiors, planets and satellites: magnetic fields, Astrophysics - Earth and Planetary Astrophysics},
         year = 2011,
        month = jan,
       volume = {726},
       number = {2},
          eid = {70},
        pages = {70},
          doi = {10.1088/0004-637X/726/2/70},
archivePrefix = {arXiv},
       eprint = {1010.5317},
 primaryClass = {astro-ph.EP},
       adsurl = {https://ui.adsabs.harvard.edu/abs/2011ApJ...726...70T},
      adsnote = {Provided by the SAO/NASA Astrophysics Data System}
}

@ARTICLE{Leb2013,
       author = {{Lebrun}, T. and {Massol}, H. and {Chassefi{\`e}Re}, E. and {Davaille}, A. and {Marcq}, E. and {Sarda}, P. and {Leblanc}, F. and {Brandeis}, G.},
        title = "{Thermal evolution of an early magma ocean in interaction with the atmosphere}",
      journal = {Journal of Geophysical Research (Planets)},
     keywords = {magma, atmosphere, plate, ocean, water, planet},
         year = 2013,
        month = jun,
       volume = {118},
       number = {6},
        pages = {1155-1176},
          doi = {10.1002/jgre.20068},
       adsurl = {https://ui.adsabs.harvard.edu/abs/2013JGRE..118.1155L},
      adsnote = {Provided by the SAO/NASA Astrophysics Data System}
}

@ARTICLE{Patel2023,
       author = {{Patel}, J.~A. and {Egger}, J.~A. and {Wilson}, T.~G. and {Bourrier}, V. and {Carone}, L. and {Beck}, M. and {Ehrenreich}, D. and {Sousa}, S.~G. and {Benz}, W. and {Brandeker}, A. and {Deline}, A. and {Alibert}, Y. and {Lam}, K.~W.~F. and {Lendl}, M. and {Alonso}, R. and {Anglada}, G. and {B{\'a}rczy}, T. and {Barrado}, D. and {Barros}, S.~C.~C. and {Baumjohann}, W. and {Beck}, T. and {Billot}, N. and {Bonfils}, X. and {Broeg}, C. and {Busch}, M. -D. and {Cabrera}, J. and {Charnoz}, S. and {Collier Cameron}, A. and {Csizmadia}, Sz. and {Davies}, M.~B. and {Deleuil}, M. and {Delrez}, L. and {Demangeon}, O.~D.~S. and {Demory}, B. -O. and {Erikson}, A. and {Fortier}, A. and {Fossati}, L. and {Fridlund}, M. and {Gandolfi}, D. and {Gillon}, M. and {G{\"u}del}, M. and {Heng}, K. and {Hoyer}, S. and {Isaak}, K.~G. and {Kiss}, L.~L. and {Kopp}, E. and {Laskar}, J. and {Lecavelier des Etangs}, A. and {Lovis}, C. and {Magrin}, D. and {Maxted}, P.~F.~L. and {Nascimbeni}, V. and {Olofsson}, G. and {Ottensamer}, R. and {Pagano}, I. and {Pall{\'e}}, E. and {Peter}, G. and {Piotto}, G. and {Pollacco}, D. and {Queloz}, D. and {Ragazzoni}, R. and {Rando}, N. and {Ratti}, F. and {Rauer}, H. and {Ribas}, I. and {Santos}, N.~C. and {Scandariato}, G. and {S{\'e}gransan}, D. and {Simon}, A.~E. and {Smith}, A.~M.~S. and {Steller}, M. and {Szab{\'o}}, Gy. M. and {Thomas}, N. and {Udry}, S. and {Ulmer}, B. and {Van Grootel}, V. and {Viotto}, V. and {Walton}, N.~A.},
        title = "{CHEOPS and TESS view of the ultra-short-period super-Earth TOI-561 b}",
      journal = {\aap},
     keywords = {techniques: photometric, planets and satellites: terrestrial planets, planets and satellites: composition, planets and satellites: atmospheres, planets and satellites: individual: TOI-561 b, Astrophysics - Earth and Planetary Astrophysics},
         year = 2023,
        month = nov,
       volume = {679},
          eid = {A92},
        pages = {A92},
          doi = {10.1051/0004-6361/202244946},
archivePrefix = {arXiv},
       eprint = {2308.08687},
 primaryClass = {astro-ph.EP},
       adsurl = {https://ui.adsabs.harvard.edu/abs/2023A&A...679A..92P},
      adsnote = {Provided by the SAO/NASA Astrophysics Data System}
}


@MISC{Dang2021,
       author = {{Dang}, Lisa and {Cowan}, Nicolas B. and {Hammond}, Mark and {Kreidberg}, Laura and {Lupu}, Roxana and {Miguel}, Yamila and {Nguyen}, Giang and {Pierrehumbert}, Raymond and {Zieba}, Sebastian and {Zilinskas}, Mantas},
        title = "{A Hell of a Phase Curve: Mapping the Surface and Atmosphere of a Lava Planet K2-141b}",
 howpublished = {JWST Proposal. Cycle 1, ID. \#2347},
         year = 2021,
        month = mar,
        pages = {2347},
       adsurl = {https://ui.adsabs.harvard.edu/abs/2021jwst.prop.2347D},
      adsnote = {Provided by the SAO/NASA Astrophysics Data System}
}

@MISC{Espinoza2021,
       author = {{Espinoza}, Nestor and {Bello-Arufe}, Aaron and {Buchhave}, Lars A. and {Burgasser}, Adam J. and {Demory}, Brice-Olivier and {Diamond-Lowe}, Hannah and {Fisher}, Chloe and {Gibson}, Neale and {Guzman Mesa}, Andrea and {Heng}, Kevin and {Hoeijmakers}, Jens and {Hooton}, Matthew and {Hu}, Renyu and {Kitzmann}, Daniel and {Kozakis}, Thea and {Lopez-Morales}, Mercedes and {Malik}, Matej and {Mendonca}, Joao Manuel and {Miguel}, Yamila and {Morris}, Brett M. and {Rathcke}, Alexander},
        title = "{The first near-infrared spectroscopic phase-curve of a super-Earth}",
 howpublished = {JWST Proposal. Cycle 1, ID. \#2159},
         year = 2021,
        month = mar,
        pages = {2159},
       adsurl = {https://ui.adsabs.harvard.edu/abs/2021jwst.prop.2159E},
      adsnote = {Provided by the SAO/NASA Astrophysics Data System}
}


@article{Xie2021,
author = {Xie, Longjian and Yoneda, Akira and Katsura, Tomoo and Andrault, Denis and Tange, Yoshinori and Higo, Yuji},
year = {2021},
month = {10},
pages = {},
title = {Direct Viscosity Measurement of Peridotite Melt to Lower‐Mantle Conditions: A Further Support for a Fractional Magma‐Ocean Solidification at the Top of the Lower Mantle},
volume = {48},
journal = {Geophysical Research Letters},
doi = {10.1029/2021GL094507}
}


@article{Losq2023,
author = {Le Losq, Charles and Baldoni, Barbara},
year = {2023},
month = {07},
pages = {122481},
title = {Machine learning modeling of the atomic structure and physical properties of alkali and alkaline-earth aluminosilicate glasses and melts},
volume = {617},
journal = {Journal of Non-Crystalline Solids},
doi = {10.1016/j.jnoncrysol.2023.122481}
}


@article{Malosso2022,
author = {Malosso, Cesare and Zhang, Linfeng and Car, Roberto and Baroni, Stefano and Tisi, Davide},
year = {2022},
month = {07},
pages = {139},
title = {Viscosity in water from first-principles and deep-neural-network simulations},
volume = {8},
journal = {npj Computational Materials},
doi = {10.1038/s41524-022-00830-7}
}

