% @article{greenwade93,
%     author  = "George D. Greenwade",
%     title   = "The {C}omprehensive {T}ex {A}rchive {N}etwork ({CTAN})",
%     year    = "1993",
%     journal = "TUGBoat",
%     volume  = "14",
%     number  = "3",
%     pages   = "342--351"
% }

% @ARTICLE{Kite+Barnett2020,
%       author = {{Kite}, Edwin S. and {Barnett}, Megan N.},
%         title = "{Exoplanet secondary atmosphere loss and revival}",
%       journal = {Proceedings of the National Academy of Science},
%      keywords = {Astrophysics - Earth and Planetary Astrophysics, Physics - Geophysics},
%          year = 2020,
%         month = jul,
%       volume = {117},
%         pages = {18264-18271},
%           doi = {10.1073/pnas.2006177117},
% archivePrefix = {arXiv},
%       eprint = {2006.02589},
%  primaryClass = {astro-ph.EP},
%       adsurl = {https://ui.adsabs.harvard.edu/abs/2020PNAS..11718264K},
%       adsnote = {Provided by the SAO/NASA Astrophysics Data System}
% }

% @ARTICLE{Tu+2015,
%       author = {{Tu}, Lin and {Johnstone}, Colin P. and {G{\"u}del}, Manuel and {Lammer}, Helmut},
%         title = "{The extreme ultraviolet and X-ray Sun in Time: High-energy evolutionary tracks of a solar-like star}",
%       journal = {\aap},
%      keywords = {Sun: evolution, stars: rotation, stars: activity, stars: solar-type, planets and satellites: atmospheres, Astrophysics - Solar and Stellar Astrophysics},
%          year = 2015,
%         month = may,
%       volume = {577},
%           eid = {L3},
%         pages = {L3},
%           doi = {10.1051/0004-6361/201526146},
% archivePrefix = {arXiv},
%       eprint = {1504.04546},
%  primaryClass = {astro-ph.SR},
%       adsurl = {https://ui.adsabs.harvard.edu/abs/2015A&A...577L...3T},
%       adsnote = {Provided by the SAO/NASA Astrophysics Data System}
% }

