@book{aarseth2003gravitational,
  title={Gravitational N-body simulations: tools and algorithms},
  author={Aarseth, Sverre J},
  year={2003},
  publisher={Cambridge University Press}
}

@ARTICLE{Allison2009ApJ...700L..99A,
       author = {{Allison}, Richard J. and {Goodwin}, Simon P. and {Parker}, Richard J. and {de Grijs}, Richard and {Portegies Zwart}, Simon F. and {Kouwenhoven}, M.~B.~N.},
        title = "{Dynamical Mass Segregation on a Very Short Timescale}",
      journal = {\apjl},
     keywords = {galaxies: star clusters, methods: N-body simulations, stars: formation, stellar dynamics, Astrophysics - Galaxy Astrophysics},
         year = 2009,
        month = aug,
       volume = {700},
       number = {2},
        pages = {L99-L103},
          doi = {10.1088/0004-637X/700/2/L99},
archivePrefix = {arXiv},
       eprint = {0906.4806},
 primaryClass = {astro-ph.GA},
       adsurl = {https://ui.adsabs.harvard.edu/abs/2009ApJ...700L..99A},
      adsnote = {Provided by the SAO/NASA Astrophysics Data System}
}

@ARTICLE{Andrews2020ARA&A..58..483A,
       author = {{Andrews}, Sean M.},
        title = "{Observations of Protoplanetary Disk Structures}",
      journal = {\araa},
     keywords = {Astrophysics - Earth and Planetary Astrophysics, Astrophysics - Solar and Stellar Astrophysics},
         year = 2020,
        month = aug,
       volume = {58},
        pages = {483-528},
          doi = {10.1146/annurev-astro-031220-010302},
archivePrefix = {arXiv},
       eprint = {2001.05007},
 primaryClass = {astro-ph.EP},
       adsurl = {https://ui.adsabs.harvard.edu/abs/2020ARA&A..58..483A},
      adsnote = {Provided by the SAO/NASA Astrophysics Data System}
}

@ARTICLE{Ansdell2016ApJ...828...46A,
       author = {{Ansdell}, M. and {Williams}, J.~P. and {van der Marel}, N. and {Carpenter}, J.~M. and {Guidi}, G. and {Hogerheijde}, M. and {Mathews}, G.~S. and {Manara}, C.~F. and {Miotello}, A. and {Natta}, A. and {Oliveira}, I. and {Tazzari}, M. and {Testi}, L. and {van Dishoeck}, E.~F. and {van Terwisga}, S.~E.},
        title = "{ALMA Survey of Lupus Protoplanetary Disks. I. Dust and Gas Masses}",
      journal = {\apj},
     keywords = {circumstellar matter, planets and satellites: formation, protoplanetary disks, stars: formation, stars: late-type, stars: protostars, Astrophysics - Earth and Planetary Astrophysics},
         year = 2016,
        month = sep,
       volume = {828},
       number = {1},
          eid = {46},
        pages = {46},
          doi = {10.3847/0004-637X/828/1/46},
archivePrefix = {arXiv},
       eprint = {1604.05719},
 primaryClass = {astro-ph.EP},
       adsurl = {https://ui.adsabs.harvard.edu/abs/2016ApJ...828...46A},
      adsnote = {Provided by the SAO/NASA Astrophysics Data System}
}

@ARTICLE{Ansdell2017AJ....153..240A,
       author = {{Ansdell}, M. and {Williams}, J.~P. and {Manara}, C.~F. and {Miotello}, A. and {Facchini}, S. and {van der Marel}, N. and {Testi}, L. and {van Dishoeck}, E.~F.},
        title = "{An ALMA Survey of Protoplanetary Disks in the {\ensuremath{\sigma}} Orionis Cluster}",
      journal = {\aj},
     keywords = {accretion, accretion disks, circumstellar matter, planets and satellites: formation, protoplanetary disks, stars: pre-main sequence, stars: protostars, Astrophysics - Earth and Planetary Astrophysics, Astrophysics - Astrophysics of Galaxies, Astrophysics - Solar and Stellar Astrophysics},
         year = 2017,
        month = may,
       volume = {153},
       number = {5},
          eid = {240},
        pages = {240},
          doi = {10.3847/1538-3881/aa69c0},
archivePrefix = {arXiv},
       eprint = {1703.08546},
 primaryClass = {astro-ph.EP},
       adsurl = {https://ui.adsabs.harvard.edu/abs/2017AJ....153..240A},
      adsnote = {Provided by the SAO/NASA Astrophysics Data System}
}

@ARTICLE{Armitage2000A&A...362..968A,
       author = {{Armitage}, P.~J.},
        title = "{Suppression of giant planet formation in stellar clusters}",
      journal = {\aap},
     keywords = {ACCRETION, ACCRETION DISKS, SOLAR SYSTEM: FORMATION, STARS: FORMATION, STARS: PLANETARY SYSTEMS, GALAXY: GLOBULAR CLUSTERS: GENERAL, GALAXY: OPEN CLUSTERS AND ASSOCIATIONS: GENERAL, Astrophysics},
         year = 2000,
        month = oct,
       volume = {362},
        pages = {968-972},
archivePrefix = {arXiv},
       eprint = {astro-ph/0007044},
 primaryClass = {astro-ph},
       adsurl = {https://ui.adsabs.harvard.edu/abs/2000A&A...362..968A},
      adsnote = {Provided by the SAO/NASA Astrophysics Data System}
}

@book{armitage_astrophysics_2020,
	address = {Cambridge},
	edition = {Second edition},
	title = {Astrophysics of planet formation},
	isbn = {9781108420501},
	abstract = {"The study of planet formation has a long history. The idea that the Solar System formed from a rotating disk of gas and dust - the Nebula Hypothesis - dates back to the writings of Kant, Laplace, and others in the eighteenth century. A quantitative description of terrestrial planet formation was already in place by the late 1960s, when Viktor Safronov published his now classic monograph Evolution of the Protoplanetary Cloud and Formation of the Earth and the Planets, while the main elements of the core accretion theory for gas giant planet formation were developed in the early 1980s. More recently, new observations have led to renewed interest in the problem. The most dramatic development has been the identification of extrasolar planets, first around a pulsar and subsequently in large numbers around main-sequence stars. These detections have allowed us to start to assess the Solar System's place amid an extraordinary diversity of extrasolar planetary systems. The advent of high resolution imaging of protoplanetary disks and the discovery of the Solar System's Kuiper Belt have been almost as influential, the former by providing direct information about the initial conditions for planet formation, the latter by highlighting the role of dynamics in the early evolution of planetary systems"--},
	publisher = {Cambridge University Press},
	author = {Armitage, Philip J.},
	year = {2020},
	keywords = {Planets, Origin, Astrophysics},
}

@ARTICLE{Barenfeld2016ApJ...827..142B,
       author = {{Barenfeld}, Scott A. and {Carpenter}, John M. and {Ricci}, Luca and {Isella}, Andrea},
        title = "{ALMA Observations of Circumstellar Disks in the Upper Scorpius OB Association}",
      journal = {\apj},
     keywords = {open clusters and associations: individual: Upper Scorpius OB1, protoplanetary disks, stars: pre-main sequence, Astrophysics - Earth and Planetary Astrophysics},
         year = 2016,
        month = aug,
       volume = {827},
       number = {2},
          eid = {142},
        pages = {142},
          doi = {10.3847/0004-637X/827/2/142},
archivePrefix = {arXiv},
       eprint = {1605.05772},
 primaryClass = {astro-ph.EP},
       adsurl = {https://ui.adsabs.harvard.edu/abs/2016ApJ...827..142B},
      adsnote = {Provided by the SAO/NASA Astrophysics Data System}
}

@ARTICLE{Bohlin1978ApJ...224..132B,
       author = {{Bohlin}, R.~C. and {Savage}, B.~D. and {Drake}, J.~F.},
        title = "{A survey of interstellar H I from Lalpha absorption measurements. II.}",
      journal = {\apj},
     keywords = {Hydrogen Clouds, Interstellar Gas, Lyman Alpha Radiation, Molecular Absorption, Ultraviolet Spectra, Abundance, Hydrogen Atoms, Interstellar Extinction, Neutral Particles, Oao 2, Satellite Observation, Astrophysics, Interstellar Matter:Molecules, Interstellar Matter:Neutral Hydrogen},
         year = 1978,
        month = aug,
       volume = {224},
        pages = {132-142},
          doi = {10.1086/156357},
       adsurl = {https://ui.adsabs.harvard.edu/abs/1978ApJ...224..132B},
      adsnote = {Provided by the SAO/NASA Astrophysics Data System}
}

@ARTICLE{Bonnell1992ApJ...401L..31B,
       author = {{Bonnell}, Ian and {Bastien}, Pierre},
        title = "{A Binary Origin for FU Orionis Stars}",
      journal = {\apjl},
     keywords = {Accretion Disks, Binary Stars, Star Formation, Pre-Main Sequence Stars, Stellar Mass Accretion, Astrophysics},
         year = 1992,
        month = dec,
       volume = {401},
        pages = {L31},
          doi = {10.1086/186663},
       adsurl = {https://ui.adsabs.harvard.edu/abs/1992ApJ...401L..31B},
      adsnote = {Provided by the SAO/NASA Astrophysics Data System}
}

@ARTICLE{Borchert2022MNRAS.517.4436B,
       author = {{Borchert}, Elisabeth M.~A. and {Price}, Daniel J. and {Pinte}, Christophe and {Cuello}, Nicol{\'a}s},
        title = "{Sustained FU Orionis-type outbursts from colliding discs in stellar flybys}",
      journal = {\mnras},
     keywords = {hydrodynamics, methods: numerical, protoplanetary discs, stars: protostars, stars: variables: T Tauri, Herbig Ae/Be, Astrophysics - Solar and Stellar Astrophysics, Astrophysics - Earth and Planetary Astrophysics, Astrophysics - Astrophysics of Galaxies},
         year = 2022,
        month = dec,
       volume = {517},
       number = {3},
        pages = {4436-4446},
          doi = {10.1093/mnras/stac2872},
archivePrefix = {arXiv},
       eprint = {2210.01143},
 primaryClass = {astro-ph.SR},
       adsurl = {https://ui.adsabs.harvard.edu/abs/2022MNRAS.517.4436B},
      adsnote = {Provided by the SAO/NASA Astrophysics Data System}
}

@ARTICLE{Breslau2014A&A...565A.130B,
       author = {{Breslau}, Andreas and {Steinhausen}, Manuel and {Vincke}, Kirsten and {Pfalzner}, Susanne},
        title = "{Sizes of protoplanetary discs after star-disc encounters}",
        journal = {\aap},
        keywords = {protoplanetary disks, planets and satellites: formation, galaxies: star clusters: general, Astrophysics - Astrophysics of Galaxies},
        year = 2014,
        month = may,
        volume = {565},
        eid = {A130},
        pages = {A130},
        doi = {10.1051/0004-6361/201323043},
        archivePrefix = {arXiv},
        eprint = {1403.8099},
        primaryClass = {astro-ph.GA},
        adsurl = {https://ui.adsabs.harvard.edu/abs/2014A&A...565A.130B},
        adsnote = {Provided by the SAO/NASA Astrophysics Data System}
}

@ARTICLE{Cheng2022ApJ...940..124C,
       author = {{Cheng}, Yu and {Tan}, Jonathan C. and {Tobin}, John J. and {Fedriani}, Rub{\'e}n and {Andersen}, Morten and {Wang}, Junfeng},
        title = "{The Disk Population in a Distant Massive Protocluster}",
      journal = {\apj},
     keywords = {Protostars, Young stellar objects, Circumstellar disks, Protoclusters, 1302, 1834, 235, 1297, Astrophysics - Astrophysics of Galaxies},
         year = 2022,
        month = dec,
       volume = {940},
       number = {2},
          eid = {124},
        pages = {124},
          doi = {10.3847/1538-4357/ac9b54},
archivePrefix = {arXiv},
       eprint = {2210.09870},
 primaryClass = {astro-ph.GA},
       adsurl = {https://ui.adsabs.harvard.edu/abs/2022ApJ...940..124C},
      adsnote = {Provided by the SAO/NASA Astrophysics Data System}
}

@ARTICLE{Coleman2022MNRAS.514.2315C,
       author = {{Coleman}, Gavin A.~L. and {Haworth}, Thomas J.},
        title = "{Dispersal of protoplanetary discs: how stellar properties and the local environment determine the pathway of evolution}",
      journal = {\mnras},
     keywords = {accretion, accretion discs, protoplanetary discs, circumstellar matter, Astrophysics - Earth and Planetary Astrophysics, Astrophysics - Solar and Stellar Astrophysics},
         year = 2022,
        month = aug,
       volume = {514},
       number = {2},
        pages = {2315-2332},
          doi = {10.1093/mnras/stac1513},
archivePrefix = {arXiv},
       eprint = {2204.02303},
 primaryClass = {astro-ph.EP},
       adsurl = {https://ui.adsabs.harvard.edu/abs/2022MNRAS.514.2315C},
      adsnote = {Provided by the SAO/NASA Astrophysics Data System}
}

@ARTICLE{Concha2019MNRAS.482..732C,
       author = {{Concha-Ram{\'\i}rez}, Francisca and {Vaher}, Eero and {Portegies Zwart}, Simon},
        title = "{The viscous evolution of circumstellar discs in young star clusters}",
      journal = {\mnras},
     keywords = {protoplanetary discs, stars: kinematics and dynamics, open clusters and associations: general, Astrophysics - Astrophysics of Galaxies},
         year = 2019,
        month = jan,
       volume = {482},
       number = {1},
        pages = {732-742},
          doi = {10.1093/mnras/sty2721},
archivePrefix = {arXiv},
       eprint = {1810.02368},
 primaryClass = {astro-ph.GA},
       adsurl = {https://ui.adsabs.harvard.edu/abs/2019MNRAS.482..732C},
      adsnote = {Provided by the SAO/NASA Astrophysics Data System}
}

@ARTICLE{Concha2023MNRAS.520.6159C,
       author = {{Concha-Ram{\'\i}rez}, Francisca and {Wilhelm}, Martijn J.~C. and {Portegies Zwart}, Simon},
        title = "{Evolution of circumstellar discs in young star-forming regions}",
      journal = {\mnras},
     keywords = {methods: numerical, planets and satellites: formation, stars: kinematics and dynamics},
         year = 2023,
        month = apr,
       volume = {520},
       number = {4},
        pages = {6159-6172},
          doi = {10.1093/mnras/stac1733},
       adsurl = {https://ui.adsabs.harvard.edu/abs/2023MNRAS.520.6159C},
      adsnote = {Provided by the SAO/NASA Astrophysics Data System}
}

@ARTICLE{Cuello2022arXiv220709752C,
       author = {{Cuello}, Nicol{\'a}s and {M{\'e}nard}, Fran{\c{c}}ois and {Price}, Daniel J.},
        title = "{Close encounters: How stellar flybys shape planet-forming discs}",
      journal = {arXiv e-prints},
     keywords = {Astrophysics - Earth and Planetary Astrophysics, Astrophysics - Astrophysics of Galaxies, Astrophysics - Solar and Stellar Astrophysics},
         year = 2022,
        month = jul,
          eid = {arXiv:2207.09752},
        pages = {arXiv:2207.09752},
archivePrefix = {arXiv},
       eprint = {2207.09752},
 primaryClass = {astro-ph.EP},
       adsurl = {https://ui.adsabs.harvard.edu/abs/2022arXiv220709752C},
      adsnote = {Provided by the SAO/NASA Astrophysics Data System}
}

@ARTICLE{Dominguez2017MNRAS.472..465D,
       author = {{Dom{\'\i}nguez}, R. and {Fellhauer}, M. and {Bla{\~n}a}, M. and {Farias}, J.~P. and {Dabringhausen}, J.},
        title = "{How fast is mass segregation happening in hierarchically formed embedded star clusters?}",
      journal = {\mnras},
     keywords = {methods: numerical, stars: formation, galaxies: star clusters: general, galaxies: star formation, Astrophysics - Astrophysics of Galaxies},
         year = 2017,
        month = nov,
       volume = {472},
       number = {1},
        pages = {465-474},
          doi = {10.1093/mnras/stx1883},
archivePrefix = {arXiv},
       eprint = {1707.07710},
 primaryClass = {astro-ph.GA},
       adsurl = {https://ui.adsabs.harvard.edu/abs/2017MNRAS.472..465D},
      adsnote = {Provided by the SAO/NASA Astrophysics Data System}
}

@book{draine2010physics,
  title={Physics of the interstellar and intergalactic medium},
  author={Draine, Bruce T},
  volume={19},
  year={2010},
  series={Princeton Series in Astrophysics},
  publisher={Princeton University Press}
}

@ARTICLE{Eisner2018ApJ...860...77E,
       author = {{Eisner}, J.~A. and {Arce}, H.~G. and {Ballering}, N.~P. and {Bally}, J. and {Andrews}, S.~M. and {Boyden}, R.~D. and {Di Francesco}, J. and {Fang}, M. and {Johnstone}, D. and {Kim}, J.~S. and {Mann}, R.~K. and {Matthews}, B. and {Pascucci}, I. and {Ricci}, L. and {Sheehan}, P.~D. and {Williams}, J.~P.},
        title = "{Protoplanetary Disk Properties in the Orion Nebula Cluster: Initial Results from Deep, High-resolution ALMA Observations}",
      journal = {\apj},
     keywords = {open clusters and associations: individual: Orion, planetary systems, protoplanetary disks, stars: pre-main sequence, Astrophysics - Solar and Stellar Astrophysics, Astrophysics - Earth and Planetary Astrophysics, Astrophysics - Astrophysics of Galaxies},
         year = 2018,
        month = jun,
       volume = {860},
       number = {1},
          eid = {77},
        pages = {77},
          doi = {10.3847/1538-4357/aac3e2},
archivePrefix = {arXiv},
       eprint = {1805.03669},
 primaryClass = {astro-ph.SR},
       adsurl = {https://ui.adsabs.harvard.edu/abs/2018ApJ...860...77E},
      adsnote = {Provided by the SAO/NASA Astrophysics Data System}
}

@ARTICLE{Farias2017ApJ...838..116F,
       author = {{Farias}, Juan P. and {Tan}, Jonathan C. and {Chatterjee}, Sourav},
        title = "{Star Cluster Formation from Turbulent Clumps. I. The Fast Formation Limit}",
      journal = {\apj},
     keywords = {galaxies: star clusters: general, galaxies: star formation, methods: numerical, Astrophysics - Astrophysics of Galaxies, Astrophysics - Solar and Stellar Astrophysics},
         year = 2017,
        month = apr,
       volume = {838},
       number = {2},
          eid = {116},
        pages = {116},
          doi = {10.3847/1538-4357/aa63f6},
archivePrefix = {arXiv},
       eprint = {1701.00701},
 primaryClass = {astro-ph.GA},
       adsurl = {https://ui.adsabs.harvard.edu/abs/2017ApJ...838..116F},
      adsnote = {Provided by the SAO/NASA Astrophysics Data System}
}

@ARTICLE{Farias2019MNRAS.483.4999F,
       author = {{Farias}, Juan P. and {Tan}, Jonathan C. and {Chatterjee}, Sourav},
        title = "{Star cluster formation from turbulent clumps. II. Gradual star cluster formation}",
      journal = {\mnras},
     keywords = {methods: numerical, galaxies: star clusters: general, galaxies: star formation, Astrophysics - Astrophysics of Galaxies},
         year = 2019,
        month = mar,
       volume = {483},
       number = {4},
        pages = {4999-5019},
          doi = {10.1093/mnras/sty3470},
archivePrefix = {arXiv},
       eprint = {1809.04607},
 primaryClass = {astro-ph.GA},
       adsurl = {https://ui.adsabs.harvard.edu/abs/2019MNRAS.483.4999F},
      adsnote = {Provided by the SAO/NASA Astrophysics Data System}
}

@ARTICLE{Farias2023arXiv230108997F,
       author = {{Farias}, Juan P. and {Tan}, Jonathan C.},
        title = "{Star cluster formation from turbulent clumps - III. Across the mass spectrum}",
      journal = {\mnras},
     keywords = {methods: numerical, galaxies: star clusters: general, stars: kinematics and dynamics, stars: formation, Astrophysics - Astrophysics of Galaxies},
         year = 2023,
        month = aug,
       volume = {523},
       number = {2},
        pages = {2083-2110},
          doi = {10.1093/mnras/stad1532},
archivePrefix = {arXiv},
       eprint = {2301.08997},
 primaryClass = {astro-ph.GA},
       adsurl = {https://ui.adsabs.harvard.edu/abs/2023MNRAS.523.2083F},
      adsnote = {Provided by the SAO/NASA Astrophysics Data System}
}

@ARTICLE{Gorti2009ApJ...690.1539G,
       author = {{Gorti}, U. and {Hollenbach}, D.},
        title = "{Photoevaporation of Circumstellar Disks By Far-Ultraviolet, Extreme-Ultraviolet and X-Ray Radiation from the Central Star}",
      journal = {\apj},
     keywords = {accretion, accretion disks, planetary systems: protoplanetary disks, stars: formation, stars: pre-main sequence, ultraviolet: stars, X-rays: stars, Astrophysics},
         year = 2009,
        month = jan,
       volume = {690},
       number = {2},
        pages = {1539-1552},
          doi = {10.1088/0004-637X/690/2/1539},
archivePrefix = {arXiv},
       eprint = {0809.1494},
 primaryClass = {astro-ph},
       adsurl = {https://ui.adsabs.harvard.edu/abs/2009ApJ...690.1539G},
      adsnote = {Provided by the SAO/NASA Astrophysics Data System}
}

@ARTICLE{Gounelle2008ApJ...680..781G,
       author = {{Gounelle}, Matthieu and {Meibom}, Anders},
        title = "{The Origin of Short-lived Radionuclides and the Astrophysical Environment of Solar System Formation}",
      journal = {\apj},
     keywords = {ISM: clouds, ISM: evolution, planetary systems: protoplanetary disks, solar system: formation, stars: formation, supernovae: general, Astrophysics},
         year = 2008,
        month = jun,
       volume = {680},
       number = {1},
        pages = {781-792},
          doi = {10.1086/587613},
archivePrefix = {arXiv},
       eprint = {0805.0569},
 primaryClass = {astro-ph},
       adsurl = {https://ui.adsabs.harvard.edu/abs/2008ApJ...680..781G},
      adsnote = {Provided by the SAO/NASA Astrophysics Data System}
}

@ARTICLE{Grant2021ApJ...913..123G,
       author = {{Grant}, Sierra L. and {Espaillat}, Catherine C. and {Wendeborn}, John and {Tobin}, John J. and {Mac{\'\i}as}, Enrique and {Rilinger}, Anneliese and {Ribas}, {\'A}lvaro and {Megeath}, S. Thomas and {Fischer}, William J. and {Calvet}, Nuria and {Hee Kim}, Kyoung},
        title = "{An ALMA Survey of Protoplanetary Disks in Lynds 1641}",
      journal = {\apj},
     keywords = {Protoplanetary disks, Millimeter astronomy, Surveys, Circumstellar matter, 1300, 1061, 1671, 241, Astrophysics - Solar and Stellar Astrophysics, Astrophysics - Earth and Planetary Astrophysics},
         year = 2021,
        month = jun,
       volume = {913},
       number = {2},
          eid = {123},
        pages = {123},
          doi = {10.3847/1538-4357/abf432},
archivePrefix = {arXiv},
       eprint = {2103.16453},
 primaryClass = {astro-ph.SR},
       adsurl = {https://ui.adsabs.harvard.edu/abs/2021ApJ...913..123G},
      adsnote = {Provided by the SAO/NASA Astrophysics Data System}
}

@ARTICLE{Gutermuth2009ApJS..184...18G,
       author = {{Gutermuth}, R.~A. and {Megeath}, S.~T. and {Myers}, P.~C. and {Allen}, L.~E. and {Pipher}, J.~L. and {Fazio}, G.~G.},
        title = "{A Spitzer Survey of Young Stellar Clusters Within One Kiloparsec of the Sun: Cluster Core Extraction and Basic Structural Analysis}",
      journal = {\apjs},
     keywords = {infrared: stars, stars: formation, stars: pre-main sequence, Astrophysics - Solar and Stellar Astrophysics},
         year = 2009,
        month = sep,
       volume = {184},
       number = {1},
        pages = {18-83},
          doi = {10.1088/0067-0049/184/1/18},
archivePrefix = {arXiv},
       eprint = {0906.0201},
 primaryClass = {astro-ph.SR},
       adsurl = {https://ui.adsabs.harvard.edu/abs/2009ApJS..184...18G},
      adsnote = {Provided by the SAO/NASA Astrophysics Data System}
}

@ARTICLE{Hacar2022arXiv220309562H,
       author = {{Hacar}, A. and {Clark}, S and {Heitsch}, F. and {Kainulainen}, J. and {Panopoulou}, G. and {Seifried}, D. and {Smith}, R.},
        title = "{Initial Conditions for Star Formation: A Physical Description of the Filamentary ISM}",
      journal = {arXiv e-prints},
     keywords = {Astrophysics - Astrophysics of Galaxies},
         year = 2022,
        month = mar,
          eid = {arXiv:2203.09562},
        pages = {arXiv:2203.09562},
archivePrefix = {arXiv},
       eprint = {2203.09562},
 primaryClass = {astro-ph.GA},
       adsurl = {https://ui.adsabs.harvard.edu/abs/2022arXiv220309562H},
      adsnote = {Provided by the SAO/NASA Astrophysics Data System}
}

@ARTICLE{Hamilton1991Icar...92..118H,
       author = {{Hamilton}, Douglas P. and {Burns}, Joseph A.},
        title = "{Orbital stability zones about asteroids}",
      journal = {\icarus},
     keywords = {Amphitrite Asteroid, Circular Orbits, Orbit Perturbation, Solar Orbits, Three Body Problem, Galileo Spacecraft, Space Debris, Spherical Coordinates, Astronomy, Earth Science, Earth Science},
         year = 1991,
        month = jul,
       volume = {92},
       number = {1},
        pages = {118-131},
          doi = {10.1016/0019-1035(91)90039-V},
       adsurl = {https://ui.adsabs.harvard.edu/abs/1991Icar...92..118H},
      adsnote = {Provided by the SAO/NASA Astrophysics Data System}
}

@ARTICLE{Hartmann1998ApJ...495..385H,
       author = {{Hartmann}, Lee and {Calvet}, Nuria and {Gullbring}, Erik and {D'Alessio}, Paola},
        title = "{Accretion and the Evolution of T Tauri Disks}",
      journal = {\apj},
     keywords = {ACCRETION, ACCRETION DISKS, STARS: CIRCUMSTELLAR MATTER, STARS: FORMATION, STARS: PRE-MAIN-SEQUENCE, Accretion, Accretion Disks, Stars: Circumstellar Matter, Stars: Formation, Stars: Pre-Main-Sequence},
         year = 1998,
        month = mar,
       volume = {495},
       number = {1},
        pages = {385-400},
          doi = {10.1086/305277},
       adsurl = {https://ui.adsabs.harvard.edu/abs/1998ApJ...495..385H},
      adsnote = {Provided by the SAO/NASA Astrophysics Data System}
}

@INPROCEEDINGS{Hollenbach2000prpl.conf..401H,
       author = {{Hollenbach}, D.~J. and {Yorke}, H.~W. and {Johnstone}, D.},
        title = "{Disk Dispersal around Young Stars}",
    booktitle = {Protostars and Planets IV},
         year = 2000,
       editor = {{Mannings}, V. and {Boss}, A.~P. and {Russell}, S.~S.},
        month = may,
        pages = {401-428},
       adsurl = {https://ui.adsabs.harvard.edu/abs/2000prpl.conf..401H},
      adsnote = {Provided by the SAO/NASA Astrophysics Data System}
}


@ARTICLE{Hueso2005A&A...442..703H,
       author = {{Hueso}, R. and {Guillot}, T.},
        title = "{Evolution of protoplanetary disks: constraints from DM Tauri and GM Aurigae}",
      journal = {\aap},
     keywords = {accretion, accretion disks, solar system: formation, planetary systems: formation, planetary systems: protoplanetary disks, Astrophysics},
         year = 2005,
        month = nov,
       volume = {442},
       number = {2},
        pages = {703-725},
          doi = {10.1051/0004-6361:20041905},
archivePrefix = {arXiv},
       eprint = {astro-ph/0506496},
 primaryClass = {astro-ph},
       adsurl = {https://ui.adsabs.harvard.edu/abs/2005A&A...442..703H},
      adsnote = {Provided by the SAO/NASA Astrophysics Data System}
}

@ARTICLE{Johnstone1998ApJ...499..758J,
       author = {{Johnstone}, Doug and {Hollenbach}, David and {Bally}, John},
        title = "{Photoevaporation of Disks and Clumps by Nearby Massive Stars: Application to Disk Destruction in the Orion Nebula}",
      journal = {\apj},
     keywords = {Accretion, Accretion Disks, Stars: Circumstellar Matter, ISM: H II Regions, ISM: General, Galaxy: Open Clusters and Associations: Individual: Name: Orion Nebula Cluster},
         year = 1998,
        month = may,
       volume = {499},
       number = {2},
        pages = {758-776},
          doi = {10.1086/305658},
       adsurl = {https://ui.adsabs.harvard.edu/abs/1998ApJ...499..758J},
      adsnote = {Provided by the SAO/NASA Astrophysics Data System}
}

@ARTICLE{Kroupa2001MNRAS.322..231K,
       author = {{Kroupa}, Pavel},
        title = "{On the variation of the initial mass function}",
      journal = {\mnras},
     keywords = {BINARIES: GENERAL, STARS: FORMATION, STARS: KINEMATICS, STARS: LUMINOSITY FUNCTION, MASS FUNCTION, GLOBULAR CLUSTERS: GENERAL, OPEN CLUSTERS AND ASSOCIATIONS: GENERAL, Astrophysics},
         year = 2001,
        month = apr,
       volume = {322},
       number = {2},
        pages = {231-246},
          doi = {10.1046/j.1365-8711.2001.04022.x},
archivePrefix = {arXiv},
       eprint = {astro-ph/0009005},
 primaryClass = {astro-ph},
       adsurl = {https://ui.adsabs.harvard.edu/abs/2001MNRAS.322..231K},
      adsnote = {Provided by the SAO/NASA Astrophysics Data System}
}

@ARTICLE{Lada2003ARA&A..41...57L,
       author = {{Lada}, Charles J. and {Lada}, Elizabeth A.},
        title = "{Embedded Clusters in Molecular Clouds}",
      journal = {\araa},
     keywords = {Astrophysics},
         year = 2003,
        month = jan,
       volume = {41},
        pages = {57-115},
          doi = {10.1146/annurev.astro.41.011802.094844},
archivePrefix = {arXiv},
       eprint = {astro-ph/0301540},
 primaryClass = {astro-ph},
       adsurl = {https://ui.adsabs.harvard.edu/abs/2003ARA&A..41...57L},
      adsnote = {Provided by the SAO/NASA Astrophysics Data System}
}

@ARTICLE{Lin1990ApJ...358..515L,
       author = {{Lin}, Douglas N.~C. and {Pringle}, John E.},
        title = "{The Formation and Initial Evolution of Protostellar Disks}",
      journal = {\apj},
     keywords = {Accretion Disks, Pre-Main Sequence Stars, Protostars, Star Formation, Stellar Evolution, Gravitational Collapse, Interstellar Matter, Rotating Matter, Astrophysics, HYDRODYNAMICS, STARS: ACCRETION, STARS: FORMATION, STARS: PRE--MAIN-SEQUENCE},
         year = 1990,
        month = aug,
       volume = {358},
        pages = {515},
          doi = {10.1086/169004},
       adsurl = {https://ui.adsabs.harvard.edu/abs/1990ApJ...358..515L},
      adsnote = {Provided by the SAO/NASA Astrophysics Data System}
}

@ARTICLE{LyndenBell1974MNRAS.168..603L,
       author = {{Lynden-Bell}, D. and {Pringle}, J.~E.},
        title = "{The evolution of viscous discs and the origin of the nebular variables.}",
      journal = {\mnras},
         year = 1974,
        month = sep,
       volume = {168},
        pages = {603-637},
          doi = {10.1093/mnras/168.3.603},
       adsurl = {https://ui.adsabs.harvard.edu/abs/1974MNRAS.168..603L},
      adsnote = {Provided by the SAO/NASA Astrophysics Data System}
}

@ARTICLE{Mann2014ApJ...784...82M,
       author = {{Mann}, Rita K. and {Di Francesco}, James and {Johnstone}, Doug and {Andrews}, Sean M. and {Williams}, Jonathan P. and {Bally}, John and {Ricci}, Luca and {Hughes}, A. Meredith and {Matthews}, Brenda C.},
        title = "{ALMA Observations of the Orion Proplyds}",
      journal = {\apj},
     keywords = {protoplanetary disks, submillimeter: planetary systems, Astrophysics - Solar and Stellar Astrophysics},
         year = 2014,
        month = mar,
       volume = {784},
       number = {1},
          eid = {82},
        pages = {82},
          doi = {10.1088/0004-637X/784/1/82},
archivePrefix = {arXiv},
       eprint = {1403.2026},
 primaryClass = {astro-ph.SR},
       adsurl = {https://ui.adsabs.harvard.edu/abs/2014ApJ...784...82M},
      adsnote = {Provided by the SAO/NASA Astrophysics Data System}
}

@ARTICLE{Mann2015ApJ...802...77M,
       author = {{Mann}, Rita K. and {Andrews}, Sean M. and {Eisner}, Josh A. and {Williams}, Jonathan P. and {Meyer}, Michael R. and {Di Francesco}, James and {Carpenter}, John M. and {Johnstone}, Doug},
        title = "{Protoplanetary Disk Masses in the Young NGC 2024 Cluster}",
      journal = {\apj},
     keywords = {circumstellar matter, protoplanetary disks, stars: formation, stars: pre-main sequence, Astrophysics - Solar and Stellar Astrophysics},
         year = 2015,
        month = apr,
       volume = {802},
       number = {2},
          eid = {77},
        pages = {77},
          doi = {10.1088/0004-637X/802/2/77},
archivePrefix = {arXiv},
       eprint = {1501.06512},
 primaryClass = {astro-ph.SR},
       adsurl = {https://ui.adsabs.harvard.edu/abs/2015ApJ...802...77M},
      adsnote = {Provided by the SAO/NASA Astrophysics Data System}
}


@ARTICLE{Marchington2022MNRAS.515.5449M,
       author = {{Marchington}, Bridget and {Parker}, Richard J.},
        title = "{The evolution of protoplanetary disc radii and disc masses in star-forming regions}",
      journal = {\mnras},
     keywords = {methods: numerical, protoplanetary discs, photodissociation region (PDR), open clusters and associations: general, Astrophysics - Earth and Planetary Astrophysics, Astrophysics - Solar and Stellar Astrophysics},
         year = 2022,
        month = oct,
       volume = {515},
       number = {4},
        pages = {5449-5466},
          doi = {10.1093/mnras/stac2145},
archivePrefix = {arXiv},
       eprint = {2208.04330},
 primaryClass = {astro-ph.EP},
       adsurl = {https://ui.adsabs.harvard.edu/abs/2022MNRAS.515.5449M},
      adsnote = {Provided by the SAO/NASA Astrophysics Data System}
}

@ARTICLE{McKee2003ApJ...585..850M,
       author = {{McKee}, Christopher F. and {Tan}, Jonathan C.},
        title = "{The Formation of Massive Stars from Turbulent Cores}",
      journal = {\apj},
     keywords = {Hydrodynamics, ISM: Clouds, Stars: Formation, Turbulence, Astrophysics},
         year = 2003,
        month = mar,
       volume = {585},
       number = {2},
        pages = {850-871},
          doi = {10.1086/346149},
archivePrefix = {arXiv},
       eprint = {astro-ph/0206037},
 primaryClass = {astro-ph},
       adsurl = {https://ui.adsabs.harvard.edu/abs/2003ApJ...585..850M},
      adsnote = {Provided by the SAO/NASA Astrophysics Data System}
}

@ARTICLE{Offner2022arXiv220310066O,
       author = {{Offner}, Stella S.~R. and {Moe}, Maxwell and {Kratter}, Kaitlin M. and {Sadavoy}, Sarah I. and {Jensen}, Eric L.~N. and {Tobin}, John J.},
        title = "{The Origin and Evolution of Multiple Star Systems}",
      journal = {arXiv e-prints},
     keywords = {Astrophysics - Solar and Stellar Astrophysics, Astrophysics - Earth and Planetary Astrophysics, Astrophysics - Astrophysics of Galaxies},
         year = 2022,
        month = mar,
          eid = {arXiv:2203.10066},
        pages = {arXiv:2203.10066},
archivePrefix = {arXiv},
       eprint = {2203.10066},
 primaryClass = {astro-ph.SR},
       adsurl = {https://ui.adsabs.harvard.edu/abs/2022arXiv220310066O},
      adsnote = {Provided by the SAO/NASA Astrophysics Data System}
}

@ARTICLE{Parker2021ApJ...913...95P,
       author = {{Parker}, Richard J. and {Alcock}, Hayley L. and {Nicholson}, Rhana B. and {Pani{\'c}}, Olja and {Goodwin}, Simon P.},
        title = "{External Photoevaporation of Protoplanetary Disks: Does Location Matter?}",
      journal = {\apj},
     keywords = {Photodissociation regions, Protoplanetary disks, Star-forming regions, 1223, 1300, 1565, Astrophysics - Earth and Planetary Astrophysics, Astrophysics - Solar and Stellar Astrophysics},
         year = 2021,
        month = jun,
       volume = {913},
       number = {2},
          eid = {95},
        pages = {95},
          doi = {10.3847/1538-4357/abf4cc},
archivePrefix = {arXiv},
       eprint = {2104.03973},
 primaryClass = {astro-ph.EP},
       adsurl = {https://ui.adsabs.harvard.edu/abs/2021ApJ...913...95P},
      adsnote = {Provided by the SAO/NASA Astrophysics Data System}
}



@ARTICLE{Pfalzner2005A&A...437..967P,
       author = {{Pfalzner}, S. and {Vogel}, P. and {Scharw{\"a}chter}, J. and {Olczak}, C.},
        title = "{Parameter study of star-disc encounters}",
      journal = {\aap},
     keywords = {accretion, accretion disks, methods: N-body simulations, methods: numerical, Astrophysics},
         year = 2005,
        month = jul,
       volume = {437},
       number = {3},
        pages = {967-976},
          doi = {10.1051/0004-6361:20042467},
archivePrefix = {arXiv},
       eprint = {astro-ph/0504288},
 primaryClass = {astro-ph},
       adsurl = {https://ui.adsabs.harvard.edu/abs/2005A&A...437..967P},
      adsnote = {Provided by the SAO/NASA Astrophysics Data System}
}


@ARTICLE{Pfalzner2021ApJ...921...90P,
       author = {{Pfalzner}, Susanne and {Govind}, Amith},
        title = "{Close Stellar Flybys Common in Low-mass Clusters}",
      journal = {\apj},
     keywords = {Young star clusters, Circumstellar disks, 1833, 235, Astrophysics - Solar and Stellar Astrophysics, Astrophysics - Earth and Planetary Astrophysics, Astrophysics - Astrophysics of Galaxies},
         year = 2021,
        month = nov,
       volume = {921},
       number = {1},
          eid = {90},
        pages = {90},
          doi = {10.3847/1538-4357/ac19aa},
archivePrefix = {arXiv},
       eprint = {2108.10296},
 primaryClass = {astro-ph.SR},
       adsurl = {https://ui.adsabs.harvard.edu/abs/2021ApJ...921...90P},
      adsnote = {Provided by the SAO/NASA Astrophysics Data System}
}

@ARTICLE{Qiao2022MNRAS.512.3788Q,
       author = {{Qiao}, Lin and {Haworth}, Thomas J. and {Sellek}, Andrew D. and {Ali}, Ahmad A.},
        title = "{The evolution of protoplanetary discs in star formation and feedback simulations}",
      journal = {\mnras},
     keywords = {planets and satellites: formation, protoplanetary discs, circumstellar matter, ISM: clouds, H II regions, Astrophysics - Earth and Planetary Astrophysics, Astrophysics - Solar and Stellar Astrophysics},
         year = 2022,
        month = may,
       volume = {512},
       number = {3},
        pages = {3788-3805},
          doi = {10.1093/mnras/stac684},
archivePrefix = {arXiv},
       eprint = {2203.04230},
 primaryClass = {astro-ph.EP},
       adsurl = {https://ui.adsabs.harvard.edu/abs/2022MNRAS.512.3788Q},
      adsnote = {Provided by the SAO/NASA Astrophysics Data System}
}

@ARTICLE{Qiao2023MNRAS.522.1939Q,
       author = {{Qiao}, Lin and {Coleman}, Gavin A.~L. and {Haworth}, Thomas J.},
        title = "{Planet formation via pebble accretion in externally photoevaporating discs}",
      journal = {\mnras},
     keywords = {planets and satellites: formation, protoplanetary discs, circumstellar matter, Astrophysics - Earth and Planetary Astrophysics},
         year = 2023,
        month = jun,
       volume = {522},
       number = {2},
        pages = {1939-1950},
          doi = {10.1093/mnras/stad944},
archivePrefix = {arXiv},
       eprint = {2303.15177},
 primaryClass = {astro-ph.EP},
       adsurl = {https://ui.adsabs.harvard.edu/abs/2023MNRAS.522.1939Q},
      adsnote = {Provided by the SAO/NASA Astrophysics Data System}
}

@ARTICLE{Reiter2022arXiv220903889R,
       author = {{Reiter}, Megan and {Parker}, Richrd J.},
        title = "{Dynamics of young stellar clusters as planet forming environments}",
      journal = {arXiv e-prints},
     keywords = {Astrophysics - Earth and Planetary Astrophysics, Astrophysics - Astrophysics of Galaxies, Astrophysics - Solar and Stellar Astrophysics},
         year = 2022,
        month = sep,
          eid = {arXiv:2209.03889},
        pages = {arXiv:2209.03889},
archivePrefix = {arXiv},
       eprint = {2209.03889},
 primaryClass = {astro-ph.EP},
       adsurl = {https://ui.adsabs.harvard.edu/abs/2022arXiv220903889R},
      adsnote = {Provided by the SAO/NASA Astrophysics Data System}
}

@ARTICLE{Sellek2020MNRAS.492.1279S,
       author = {{Sellek}, Andrew D. and {Booth}, Richard A. and {Clarke}, Cathie J.},
        title = "{The evolution of dust in discs influenced by external photoevaporation}",
      journal = {\mnras},
     keywords = {planets and satellites: formation, protoplanetary discs, submillimetre: planetary systems, Astrophysics - Earth and Planetary Astrophysics, Astrophysics - Astrophysics of Galaxies, Astrophysics - Solar and Stellar Astrophysics},
         year = 2020,
        month = feb,
       volume = {492},
       number = {1},
        pages = {1279-1294},
          doi = {10.1093/mnras/stz3528},
archivePrefix = {arXiv},
       eprint = {1912.06154},
 primaryClass = {astro-ph.EP},
       adsurl = {https://ui.adsabs.harvard.edu/abs/2020MNRAS.492.1279S},
      adsnote = {Provided by the SAO/NASA Astrophysics Data System}
}

@ARTICLE{Shu2007ApJ...665..535S,
       author = {{Shu}, Frank H. and {Galli}, Daniele and {Lizano}, Susana and {Glassgold}, Alfred E. and {Diamond}, Patrick H.},
        title = "{Mean Field Magnetohydrodynamics of Accretion Disks}",
      journal = {\apj},
     keywords = {Accretion, Accretion Disks, Magnetohydrodynamics: MHD, Stars: Planetary Systems: Protoplanetary Disks, Solar System: Formation, Stars: Formation, Turbulence, Astrophysics},
         year = 2007,
        month = aug,
       volume = {665},
       number = {1},
        pages = {535-553},
          doi = {10.1086/519678},
archivePrefix = {arXiv},
       eprint = {0705.0421},
 primaryClass = {astro-ph},
       adsurl = {https://ui.adsabs.harvard.edu/abs/2007ApJ...665..535S},
      adsnote = {Provided by the SAO/NASA Astrophysics Data System}
}

@ARTICLE{Steinhausen2012A&A...538A..10S,
       author = {{Steinhausen}, M. and {Olczak}, C. and {Pfalzner}, S.},
        title = "{Disc-mass distribution in star-disc encounters}",
      journal = {\aap},
     keywords = {methods: numerical, protoplanetary disks, circumstellar matter, Astrophysics - Solar and Stellar Astrophysics},
         year = 2012,
        month = feb,
       volume = {538},
          eid = {A10},
        pages = {A10},
          doi = {10.1051/0004-6361/201117682},
archivePrefix = {arXiv},
       eprint = {1111.2466},
 primaryClass = {astro-ph.SR},
       adsurl = {https://ui.adsabs.harvard.edu/abs/2012A&A...538A..10S},
      adsnote = {Provided by the SAO/NASA Astrophysics Data System}
}

@ARTICLE{vanTerwisga2020A&A...640A..27V,
       author = {{van Terwisga}, S.~E. and {van Dishoeck}, E.~F. and {Mann}, R.~K. and {Di Francesco}, J. and {van der Marel}, N. and {Meyer}, M. and {Andrews}, S.~M. and {Carpenter}, J. and {Eisner}, J.~A. and {Manara}, C.~F. and {Williams}, J.~P.},
        title = "{Protoplanetary disk masses in NGC 2024: Evidence for two populations}",
      journal = {\aap},
     keywords = {stars: pre-main sequence, techniques: interferometric, protoplanetary disks, Astrophysics - Solar and Stellar Astrophysics, Astrophysics - Earth and Planetary Astrophysics, Astrophysics - Astrophysics of Galaxies},
         year = 2020,
        month = aug,
       volume = {640},
          eid = {A27},
        pages = {A27},
          doi = {10.1051/0004-6361/201937403},
archivePrefix = {arXiv},
       eprint = {2004.13551},
 primaryClass = {astro-ph.SR},
       adsurl = {https://ui.adsabs.harvard.edu/abs/2020A&A...640A..27V},
      adsnote = {Provided by the SAO/NASA Astrophysics Data System}
}

@ARTICLE{Vincke2016ApJ...828...48V,
       author = {{Vincke}, Kirsten and {Pfalzner}, Susanne},
        title = "{Cluster Dynamics Largely Shapes Protoplanetary Disk Sizes}",
      journal = {\apj},
     keywords = {galaxies: star clusters: general, planetary systems, protoplanetary disks, Astrophysics - Astrophysics of Galaxies, Astrophysics - Solar and Stellar Astrophysics},
         year = 2016,
        month = sep,
       volume = {828},
       number = {1},
          eid = {48},
        pages = {48},
          doi = {10.3847/0004-637X/828/1/48},
archivePrefix = {arXiv},
       eprint = {1606.07431},
 primaryClass = {astro-ph.GA},
       adsurl = {https://ui.adsabs.harvard.edu/abs/2016ApJ...828...48V},
      adsnote = {Provided by the SAO/NASA Astrophysics Data System}
}

@ARTICLE{Vorobyov2007MNRAS.381.1009V,
       author = {{Vorobyov}, E.~I. and {Basu}, Shantanu},
        title = "{Self-regulated gravitational accretion in protostellar discs}",
      journal = {\mnras},
     keywords = {accretion, accretion discs, hydrodynamics, instabilities, ISM: clouds, stars: formation, Astrophysics},
         year = 2007,
        month = nov,
       volume = {381},
       number = {3},
        pages = {1009-1017},
          doi = {10.1111/j.1365-2966.2007.12321.x},
archivePrefix = {arXiv},
       eprint = {0709.2043},
 primaryClass = {astro-ph},
       adsurl = {https://ui.adsabs.harvard.edu/abs/2007MNRAS.381.1009V},
      adsnote = {Provided by the SAO/NASA Astrophysics Data System}
}

@ARTICLE{Wang2015MNRAS.450.4070W,
       author = {{Wang}, Long and {Spurzem}, Rainer and {Aarseth}, Sverre and {Nitadori}, Keigo and {Berczik}, Peter and {Kouwenhoven}, M.~B.~N. and {Naab}, Thorsten},
        title = "{NBODY6++GPU: ready for the gravitational million-body problem}",
      journal = {\mnras},
     keywords = {methods: numerical, globular clusters: general, Astrophysics - Instrumentation and Methods for Astrophysics, Astrophysics - Solar and Stellar Astrophysics},
         year = 2015,
        month = jul,
       volume = {450},
       number = {4},
        pages = {4070-4080},
          doi = {10.1093/mnras/stv817},
archivePrefix = {arXiv},
       eprint = {1504.03687},
 primaryClass = {astro-ph.IM},
       adsurl = {https://ui.adsabs.harvard.edu/abs/2015MNRAS.450.4070W},
      adsnote = {Provided by the SAO/NASA Astrophysics Data System}
}

@ARTICLE{Wilhelm2023arXiv230203721W,
       author = {{Wilhelm}, Martijn J.~C. and {Portegies Zwart}, Simon and {Cournoyer-Cloutier}, Claude and {Lewis}, Sean C. and {Polak}, Brooke and {Tran}, Aaron and {Mac Low}, Mordecai-Mark},
        title = "{Radiation shielding of protoplanetary discs in young star-forming regions}",
      journal = {arXiv e-prints},
     keywords = {Astrophysics - Earth and Planetary Astrophysics, Astrophysics - Solar and Stellar Astrophysics},
         year = 2023,
        month = feb,
          eid = {arXiv:2302.03721},
        pages = {arXiv:2302.03721},
archivePrefix = {arXiv},
       eprint = {2302.03721},
 primaryClass = {astro-ph.EP},
       adsurl = {https://ui.adsabs.harvard.edu/abs/2023arXiv230203721W},
      adsnote = {Provided by the SAO/NASA Astrophysics Data System}
}

@ARTICLE{Williams2007ApJ...663L..33W,
       author = {{Williams}, Jonathan P. and {Gaidos}, Eric},
        title = "{On the Likelihood of Supernova Enrichment of Protoplanetary Disks}",
      journal = {\apjl},
     keywords = {Stars: Planetary Systems: Formation, Stars: Planetary Systems: Protoplanetary Disks, Stars: Formation, Astrophysics},
         year = 2007,
        month = jul,
       volume = {663},
       number = {1},
        pages = {L33-L36},
          doi = {10.1086/519972},
archivePrefix = {arXiv},
       eprint = {0705.3459},
 primaryClass = {astro-ph},
       adsurl = {https://ui.adsabs.harvard.edu/abs/2007ApJ...663L..33W},
      adsnote = {Provided by the SAO/NASA Astrophysics Data System}
}


@ARTICLE{Williams2011ARA&A..49...67W,
       author = {{Williams}, Jonathan P. and {Cieza}, Lucas A.},
        title = "{Protoplanetary Disks and Their Evolution}",
      journal = {\araa},
     keywords = {Astrophysics - Galaxy Astrophysics, Astrophysics - Earth and Planetary Astrophysics, Astrophysics - Solar and Stellar Astrophysics},
         year = 2011,
        month = sep,
       volume = {49},
       number = {1},
        pages = {67-117},
          doi = {10.1146/annurev-astro-081710-102548},
archivePrefix = {arXiv},
       eprint = {1103.0556},
 primaryClass = {astro-ph.GA},
       adsurl = {https://ui.adsabs.harvard.edu/abs/2011ARA&A..49...67W},
      adsnote = {Provided by the SAO/NASA Astrophysics Data System}
}

@ARTICLE{Winter2018MNRAS.478.2700W,
       author = {{Winter}, A.~J. and {Clarke}, C.~J. and {Rosotti}, G. and {Ih}, J. and {Facchini}, S. and {Haworth}, T.~J.},
        title = "{Protoplanetary disc truncation mechanisms in stellar clusters: comparing external photoevaporation and tidal encounters}",
      journal = {\mnras},
     keywords = {accretion, accretion discs, protoplanetary discs, circumstellar matter, stars: kinematics and dynamics, stars: pre-main-sequence, Astrophysics - Solar and Stellar Astrophysics, Astrophysics - Earth and Planetary Astrophysics, Astrophysics - Astrophysics of Galaxies},
         year = 2018,
        month = aug,
       volume = {478},
       number = {2},
        pages = {2700-2722},
          doi = {10.1093/mnras/sty984},
archivePrefix = {arXiv},
       eprint = {1804.00013},
 primaryClass = {astro-ph.SR},
       adsurl = {https://ui.adsabs.harvard.edu/abs/2018MNRAS.478.2700W},
      adsnote = {Provided by the SAO/NASA Astrophysics Data System}
}

@ARTICLE{Zurlo2023EPJP..138..411Z,
       author = {{Zurlo}, Alice and {Gratton}, Raffaele and {P{\'e}rez}, Sebasti{\'a}n and {Cieza}, Lucas},
        title = "{Observations of planet forming disks in multiple stellar systems}",
      journal = {European Physical Journal Plus},
     keywords = {Astrophysics - Solar and Stellar Astrophysics, Astrophysics - Earth and Planetary Astrophysics, Astrophysics - Instrumentation and Methods for Astrophysics},
         year = 2023,
        month = may,
       volume = {138},
       number = {5},
          eid = {411},
        pages = {411},
          doi = {10.1140/epjp/s13360-023-04041-x},
archivePrefix = {arXiv},
       eprint = {2304.14450},
 primaryClass = {astro-ph.SR},
       adsurl = {https://ui.adsabs.harvard.edu/abs/2023EPJP..138..411Z},
      adsnote = {Provided by the SAO/NASA Astrophysics Data System}
}