%%%%%%% IN ALPHABETICAL ORDER
%%%%%%% sometimes with relevant comments before the entry



%%%%%%%%%%%%%%%%% petitRADTRANS III
@ARTICLE{alei2022,
       author = {{Alei}, Eleonora and {Konrad}, Bj{\"o}rn S. and {Angerhausen}, Daniel and {Grenfell}, John Lee and {Molli{\`e}re}, Paul and {Quanz}, Sascha P. and {Rugheimer}, Sarah and {Wunderlich}, Fabian and {LIFE Collaboration}},
        title = "{Large Interferometer For Exoplanets (LIFE). V. Diagnostic potential of a mid-infrared space interferometer for studying Earth analogs}",
      journal = {\aap},
     keywords = {methods: statistical, planets and satellites: terrestrial planets, planets and satellites: atmospheres, Astrophysics - Earth and Planetary Astrophysics, Astrophysics - Instrumentation and Methods for Astrophysics},
         year = 2022,
        month = sep,
       volume = {665},
          eid = {A106},
        pages = {A106},
          doi = {10.1051/0004-6361/202243760},
archivePrefix = {arXiv},
       eprint = {2204.10041},
 primaryClass = {astro-ph.EP},
       adsurl = {https://ui.adsabs.harvard.edu/abs/2022A&A...665A.106A},
      adsnote = {Provided by the SAO/NASA Astrophysics Data System}
}


@ARTICLE{allart2017,
       author = {{Allart}, R. and {Lovis}, C. and {Pino}, L. and {Wyttenbach}, A. and {Ehrenreich}, D. and {Pepe}, F.},
        title = "{Search for water vapor in the high-resolution transmission spectrum of HD 189733b in the visible}",
      journal = {\aap},
     keywords = {planets and satellites: atmospheres, planets and satellites: individual: HD 189733b, methods: observational, techniques: spectroscopic, Astrophysics - Earth and Planetary Astrophysics},
         year = 2017,
        month = oct,
       volume = {606},
          eid = {A144},
        pages = {A144},
          doi = {10.1051/0004-6361/201730814},
archivePrefix = {arXiv},
       eprint = {1706.00027},
 primaryClass = {astro-ph.EP},
       adsurl = {https://ui.adsabs.harvard.edu/abs/2017A&A...606A.144A},
      adsnote = {Provided by the SAO/NASA Astrophysics Data System}
}

@ARTICLE{allart2018,
       author = {{Allart}, R. and {Bourrier}, V. and {Lovis}, C. and {Ehrenreich}, D. and {Spake}, J.~J. and {Wyttenbach}, A. and {Pino}, L. and {Pepe}, F. and {Sing}, D.~K. and {Lecavelier des Etangs}, A.},
        title = "{Spectrally resolved helium absorption from the extended atmosphere of a warm Neptune-mass exoplanet}",
      journal = {Science},
     keywords = {ASTRONOMY, GEOCHEM PHYS, PLANET SCI, Astrophysics - Earth and Planetary Astrophysics},
         year = 2018,
        month = dec,
       volume = {362},
       number = {6421},
        pages = {1384-1387},
          doi = {10.1126/science.aat5879},
archivePrefix = {arXiv},
       eprint = {1812.02189},
 primaryClass = {astro-ph.EP},
       adsurl = {https://ui.adsabs.harvard.edu/abs/2018Sci...362.1384A},
      adsnote = {Provided by the SAO/NASA Astrophysics Data System}
}

@ARTICLE{allart2019,
       author = {{Allart}, R. and {Bourrier}, V. and {Lovis}, C. and {Ehrenreich}, D. and {Aceituno}, J. and {Guijarro}, A. and {Pepe}, F. and {Sing}, D.~K. and {Spake}, J.~J. and {Wyttenbach}, A.},
        title = "{High-resolution confirmation of an extended helium atmosphere around WASP-107b}",
      journal = {\aap},
     keywords = {planets and satellites: atmospheres, planets and satellites: individual: WASP-107b, methods: observational, techniques: spectroscopic, Astrophysics - Earth and Planetary Astrophysics},
         year = 2019,
        month = mar,
       volume = {623},
          eid = {A58},
        pages = {A58},
          doi = {10.1051/0004-6361/201834917},
archivePrefix = {arXiv},
       eprint = {1901.08073},
 primaryClass = {astro-ph.EP},
       adsurl = {https://ui.adsabs.harvard.edu/abs/2019A&A...623A..58A},
      adsnote = {Provided by the SAO/NASA Astrophysics Data System}
}

%%%%%%%% He I lines
@ARTICLE{allart2023,
       author = {{Allart}, R. and {Lem{\'e}e-Joliecoeur}, P. -B. and {Jaziri}, A.~Y. and {Lafreni{\`e}re}, D. and {Artigau}, E. and {Cook}, N. and {Darveau-Bernier}, A. and {Dang}, L. and {Cadieux}, C. and {Boucher}, A. and {Bourrier}, V. and {Deibert}, E.~K. and {Pelletier}, S. and {Radica}, M. and {Benneke}, B. and {Carmona}, A. and {Cloutier}, R. and {Cowan}, N.~B. and {Delfosse}, X. and {Donati}, J. -F. and {Doyon}, R. and {Figueira}, P. and {Forveille}, T. and {Fouqu{\'e}}, P. and {Gaidos}, E. and {Gu}, P. -G. and {H{\'e}brard}, G. and {Kiefer}, F. and {K{\'o}sp{\'a}l}, {\'A}. and {Jayawardhana}, R. and {Martioli}, E. and {Dos Santos}, L.~A. and {Shang}, H. and {Turner}, J.~D. and {Vidotto}, A.~A.},
        title = "{Homogeneous search for helium in the atmosphere of 11 gas giant exoplanets with SPIRou}",
      journal = {\aap},
     keywords = {planets and satellites: atmospheres, planets and satellites: gaseous planets, infrared: planetary systems, instrumentation: spectrographs, techniques: spectroscopic, methods: observational, Astrophysics - Earth and Planetary Astrophysics},
         year = 2023,
        month = sep,
       volume = {677},
          eid = {A164},
        pages = {A164},
          doi = {10.1051/0004-6361/202245832},
archivePrefix = {arXiv},
       eprint = {2307.05580},
 primaryClass = {astro-ph.EP},
       adsurl = {https://ui.adsabs.harvard.edu/abs/2023A&A...677A.164A},
      adsnote = {Provided by the SAO/NASA Astrophysics Data System}
}

@INCOLLECTION{alonso2018,
       author = {{Alonso}, Roi},
        title = "{Characterization of Exoplanets: Secondary Eclipses}",
     keywords = {Physics, Astrophysics - Earth and Planetary Astrophysics},
    booktitle = {Handbook of Exoplanets},
         year = 2018,
       editor = {{Deeg}, Hans J. and {Belmonte}, Juan Antonio},
          eid = {40},
        pages = {40},
          doi = {10.1007/978-3-319-55333-7\_40},
       adsurl = {https://ui.adsabs.harvard.edu/abs/2018haex.bookE..40A},
      adsnote = {Provided by the SAO/NASA Astrophysics Data System}
}

@INCOLLECTION{armitage2018,
       author = {{Armitage}, Philip J.},
        title = "{A Brief Overview of Planet Formation}",
     keywords = {Physics, Astrophysics - Earth and Planetary Astrophysics},
    booktitle = {Handbook of Exoplanets},
         year = 2018,
       editor = {{Deeg}, Hans J. and {Belmonte}, Juan Antonio},
          eid = {135},
        pages = {135},
          doi = {10.1007/978-3-319-55333-7\_135},
       adsurl = {https://ui.adsabs.harvard.edu/abs/2018haex.bookE.135A},
      adsnote = {Provided by the SAO/NASA Astrophysics Data System}
}

@ARTICLE{azevedosilva2022,
       author = {{Azevedo Silva}, T. and {Demangeon}, O.~D.~S. and {Santos}, N.~C. and {Allart}, R. and {Borsa}, F. and {Cristo}, E. and {Esparza-Borges}, E. and {Seidel}, J.~V. and {Palle}, E. and {Sousa}, S.~G. and {Tabernero}, H.~M. and {Zapatero Osorio}, M.~R. and {Cristiani}, S. and {Pepe}, F. and {Rebolo}, R. and {Adibekyan}, V. and {Alibert}, Y. and {Barros}, S.~C.~C. and {Bouchy}, F. and {Bourrier}, V. and {Lo Curto}, G. and {Di Marcantonio}, P. and {D'Odorico}, V. and {Ehrenreich}, D. and {Figueira}, P. and {Gonz{\'a}lez Hern{\'a}ndez}, J.~I. and {Lovis}, C. and {Martins}, C.~J.~A.~P. and {Mehner}, A. and {Micela}, G. and {Molaro}, P. and {Mounzer}, D. and {Nunes}, N.~J. and {Sozzetti}, A. and {Su{\'a}rez Mascare{\~n}o}, A. and {Udry}, S.},
        title = "{Detection of barium in the atmospheres of the ultra-hot gas giants WASP-76b and WASP-121b. Together with new detections of Co and Sr+ on WASP-121b}",
      journal = {\aap},
     keywords = {planets and satellites: atmospheres, planets and satellites: composition, planets and satellites: gaseous planets, techniques: spectroscopic, planets and satellites: individual: WASP-76b, planets and satellites: individual: WASP-121b, Astrophysics - Earth and Planetary Astrophysics},
         year = 2022,
        month = oct,
       volume = {666},
          eid = {L10},
        pages = {L10},
          doi = {10.1051/0004-6361/202244489},
archivePrefix = {arXiv},
       eprint = {2210.06892},
 primaryClass = {astro-ph.EP},
       adsurl = {https://ui.adsabs.harvard.edu/abs/2022A&A...666L..10A},
      adsnote = {Provided by the SAO/NASA Astrophysics Data System}
}

@ARTICLE{barstow2020,
       author = {{Barstow}, Joanna K. and {Heng}, Kevin},
        title = "{Outstanding Challenges of Exoplanet Atmospheric Retrievals}",
      journal = {\ssr},
     keywords = {Exoplanets, Retrieval, Atmospheres, Astrophysics - Earth and Planetary Astrophysics, Astrophysics - Solar and Stellar Astrophysics},
         year = 2020,
        month = jun,
       volume = {216},
       number = {5},
          eid = {82},
        pages = {82},
          doi = {10.1007/s11214-020-00666-x},
archivePrefix = {arXiv},
       eprint = {2003.14311},
 primaryClass = {astro-ph.EP},
       adsurl = {https://ui.adsabs.harvard.edu/abs/2020SSRv..216...82B},
      adsnote = {Provided by the SAO/NASA Astrophysics Data System}
}


%%%%%%%% Fe II detection in transmission
@ARTICLE{belloarufe2022,
       author = {{Bello-Arufe}, Aaron and {Cabot}, Samuel H.~C. and {Mendon{\c{c}}a}, Jo{\~a}o M. and {Buchhave}, Lars A. and {Rathcke}, Alexander D.},
        title = "{Mining the Ultrahot Skies of HAT-P-70b: Detection of a Profusion of Neutral and Ionized Species}",
      journal = {\aj},
     keywords = {486, 753, 498, 2021, 487, 2096, 2133, 509, 2172, Astrophysics - Earth and Planetary Astrophysics},
         year = 2022,
        month = feb,
       volume = {163},
       number = {2},
          eid = {96},
        pages = {96},
          doi = {10.3847/1538-3881/ac402e},
archivePrefix = {arXiv},
       eprint = {2112.03292},
 primaryClass = {astro-ph.EP},
       adsurl = {https://ui.adsabs.harvard.edu/abs/2022AJ....163...96B},
      adsnote = {Provided by the SAO/NASA Astrophysics Data System}
}



@ARTICLE{beltz2022a,
       author = {{Beltz}, Hayley and {Rauscher}, Emily and {Roman}, Michael T. and {Guilliat}, Abigail},
        title = "{Exploring the Effects of Active Magnetic Drag in a General Circulation Model of the Ultrahot Jupiter WASP-76b}",
      journal = {\aj},
     keywords = {Exoplanets, Exoplanet atmospheres, Theoretical models, Hot Jupiters, 498, 487, 2107, 753, Astrophysics - Earth and Planetary Astrophysics},
         year = 2022,
        month = jan,
       volume = {163},
       number = {1},
          eid = {35},
        pages = {35},
          doi = {10.3847/1538-3881/ac3746},
archivePrefix = {arXiv},
       eprint = {2109.13371},
 primaryClass = {astro-ph.EP},
       adsurl = {https://ui.adsabs.harvard.edu/abs/2022AJ....163...35B},
      adsnote = {Provided by the SAO/NASA Astrophysics Data System}
}

@ARTICLE{beltz2022b,
       author = {{Beltz}, Hayley and {Rauscher}, Emily and {Kempton}, Eliza M. -R. and {Malsky}, Isaac and {Ochs}, Grace and {Arora}, Mireya and {Savel}, Arjun},
        title = "{Magnetic Drag and 3D Effects in Theoretical High-resolution Emission Spectra of Ultrahot Jupiters: the Case of WASP-76b}",
      journal = {\aj},
     keywords = {Exoplanet atmospheres, Hot Jupiters, High resolution spectroscopy, Theoretical models, 487, 753, 2096, 2107, Astrophysics - Earth and Planetary Astrophysics},
         year = 2022,
        month = oct,
       volume = {164},
       number = {4},
          eid = {140},
        pages = {140},
          doi = {10.3847/1538-3881/ac897b},
archivePrefix = {arXiv},
       eprint = {2204.12996},
 primaryClass = {astro-ph.EP},
       adsurl = {https://ui.adsabs.harvard.edu/abs/2022AJ....164..140B},
      adsnote = {Provided by the SAO/NASA Astrophysics Data System}
}

@ARTICLE{beltz2023,
       author = {{Beltz}, Hayley and {Rauscher}, Emily and {Kempton}, Eliza M. -R. and {Malsky}, Isaac and {Savel}, Arjun B.},
        title = "{Magnetic Effects and 3D Structure in Theoretical High-resolution Transmission Spectra of Ultrahot Jupiters: the Case of WASP-76b}",
      journal = {\aj},
     keywords = {Exoplanet atmospheres, Hot Jupiters, High resolution spectroscopy, Transmission spectroscopy, Atmospheric circulation, Hydrodynamical simulations, Magnetohydrodynamical simulations, 487, 753, 2096, 2133, 112, 767, 1966, Astrophysics - Earth and Planetary Astrophysics},
         year = 2023,
        month = jun,
       volume = {165},
       number = {6},
          eid = {257},
        pages = {257},
          doi = {10.3847/1538-3881/acd24d},
archivePrefix = {arXiv},
       eprint = {2302.13969},
 primaryClass = {astro-ph.EP},
       adsurl = {https://ui.adsabs.harvard.edu/abs/2023AJ....165..257B},
      adsnote = {Provided by the SAO/NASA Astrophysics Data System}
}

@INCOLLECTION{benz2018,
       author = {{Benz}, Willy and {Ehrenreich}, David and {Isaak}, Kate},
        title = "{CHEOPS: CHaracterizing ExOPlanets Satellite}",
     keywords = {Physics},
    booktitle = {Handbook of Exoplanets},
         year = 2018,
       editor = {{Deeg}, Hans J. and {Belmonte}, Juan Antonio},
          eid = {84},
        pages = {84},
          doi = {10.1007/978-3-319-55333-7\_84},
       adsurl = {https://ui.adsabs.harvard.edu/abs/2018haex.bookE..84B},
      adsnote = {Provided by the SAO/NASA Astrophysics Data System}
}

@ARTICLE{birkby2013,
       author = {{Birkby}, J. and {de Kok}, R. and {Brogi}, M. and {Schwarz}, H. and {Albrecht}, S. and {de Mooij}, E. and {Snellen}, I.},
        title = "{Characterising Exoplanet Atmospheres with High-resolution Spectroscopy}",
      journal = {The Messenger},
         year = 2013,
        month = dec,
       volume = {154},
        pages = {57-61},
       adsurl = {https://ui.adsabs.harvard.edu/abs/2013Msngr.154...57B},
      adsnote = {Provided by the SAO/NASA Astrophysics Data System}
}

%%%%%%%%%%%%%%%%% Handbook of exoplanets: HRS review
@ARTICLE{birkby2018,
       author = {{Birkby}, J.~L.},
        title = "{Exoplanet Atmospheres at High Spectral Resolution}",
      journal = {arXiv e-prints},
     keywords = {Astrophysics - Earth and Planetary Astrophysics, Astrophysics - Instrumentation and Methods for Astrophysics},
         year = 2018,
        month = jun,
          eid = {arXiv:1806.04617},
        pages = {arXiv:1806.04617},
archivePrefix = {arXiv},
       eprint = {1806.04617},
 primaryClass = {astro-ph.EP},
       adsurl = {https://ui.adsabs.harvard.edu/abs/2018arXiv180604617B},
      adsnote = {Provided by the SAO/NASA Astrophysics Data System}
}


%%%%%%% binary follow-up
@ARTICLE{bohn2020,
       author = {{Bohn}, A.~J. and {Southworth}, J. and {Ginski}, C. and {Kenworthy}, M.~A. and {Maxted}, P.~F.~L. and {Evans}, D.~F.},
        title = "{A multiplicity study of transiting exoplanet host stars. I. High-contrast imaging with VLT/SPHERE}",
      journal = {\aap},
     keywords = {planets and satellites: dynamical evolution and stability, planets and satellites: formation, planetary systems, binaries: visual, techniques: high angular resolution, Astrophysics - Earth and Planetary Astrophysics, Astrophysics - Solar and Stellar Astrophysics},
         year = 2020,
        month = mar,
       volume = {635},
          eid = {A73},
        pages = {A73},
          doi = {10.1051/0004-6361/201937127},
archivePrefix = {arXiv},
       eprint = {2001.08224},
 primaryClass = {astro-ph.EP},
       adsurl = {https://ui.adsabs.harvard.edu/abs/2020A&A...635A..73B},
      adsnote = {Provided by the SAO/NASA Astrophysics Data System}
}

%%%%%%%%%%%%%%%%% Fe I detection in transmission
@ARTICLE{borsa2021,
       author = {{Borsa}, F. and {Allart}, R. and {Casasayas-Barris}, N. and {Tabernero}, H. and {Zapatero Osorio}, M.~R. and {Cristiani}, S. and {Pepe}, F. and {Rebolo}, R. and {Santos}, N.~C. and {Adibekyan}, V. and {Bourrier}, V. and {Demangeon}, O.~D.~S. and {Ehrenreich}, D. and {Pall{\'e}}, E. and {Sousa}, S. and {Lillo-Box}, J. and {Lovis}, C. and {Micela}, G. and {Oshagh}, M. and {Poretti}, E. and {Sozzetti}, A. and {Allende Prieto}, C. and {Alibert}, Y. and {Amate}, M. and {Benz}, W. and {Bouchy}, F. and {Cabral}, A. and {Dekker}, H. and {D'Odorico}, V. and {Di Marcantonio}, P. and {Figueira}, P. and {Genova Santos}, R. and {Gonz{\'a}lez Hern{\'a}ndez}, J.~I. and {Lo Curto}, G. and {Manescau}, A. and {Martins}, C.~J.~A.~P. and {M{\'e}gevand}, D. and {Mehner}, A. and {Molaro}, P. and {Nunes}, N.~J. and {Riva}, M. and {Su{\'a}rez Mascare{\~n}o}, A. and {Udry}, S. and {Zerbi}, F.},
        title = "{Atmospheric Rossiter-McLaughlin effect and transmission spectroscopy of WASP-121b with ESPRESSO}",
      journal = {\aap},
     keywords = {planetary systems, techniques: spectroscopic, techniques: radial velocities, stars: individual: WASP-121, planets and satellites: atmospheres, Astrophysics - Earth and Planetary Astrophysics, Astrophysics - Solar and Stellar Astrophysics},
         year = 2021,
        month = jan,
       volume = {645},
          eid = {A24},
        pages = {A24},
          doi = {10.1051/0004-6361/202039344},
archivePrefix = {arXiv},
       eprint = {2011.01245},
 primaryClass = {astro-ph.EP},
       adsurl = {https://ui.adsabs.harvard.edu/abs/2021A&A...645A..24B},
      adsnote = {Provided by the SAO/NASA Astrophysics Data System}
}

%%%%%%%%%%%%%%%%% example of successful emission spectroscopy
@ARTICLE{borsa2022,
       author = {{Borsa}, F. and {Giacobbe}, P. and {Bonomo}, A.~S. and {Brogi}, M. and {Pino}, L. and {Fossati}, L. and {Lanza}, A.~F. and {Nascimbeni}, V. and {Sozzetti}, A. and {Amadori}, F. and {Benatti}, S. and {Biazzo}, K. and {Bignamini}, A. and {Boschin}, W. and {Claudi}, R. and {Cosentino}, R. and {Covino}, E. and {Desidera}, S. and {Fiorenzano}, A.~F.~M. and {Guilluy}, G. and {Harutyunyan}, A. and {Maggio}, A. and {Maldonado}, J. and {Mancini}, L. and {Micela}, G. and {Molinari}, E. and {Molinaro}, M. and {Pagano}, I. and {Pedani}, M. and {Piotto}, G. and {Poretti}, E. and {Rainer}, M. and {Scandariato}, G. and {Stoev}, H.},
        title = "{The GAPS Programme at TNG. XXXIII. HARPS-N detects multiple atomic species in emission from the dayside of KELT-20b}",
      journal = {\aap},
     keywords = {techniques: spectroscopic, planets and satellites: atmospheres, planetary systems, stars: individual: kelt-20, Astrophysics - Earth and Planetary Astrophysics, Astrophysics - Solar and Stellar Astrophysics},
         year = 2022,
        month = jul,
       volume = {663},
          eid = {A141},
        pages = {A141},
          doi = {10.1051/0004-6361/202142768},
archivePrefix = {arXiv},
       eprint = {2204.04948},
 primaryClass = {astro-ph.EP},
       adsurl = {https://ui.adsabs.harvard.edu/abs/2022A&A...663A.141B},
      adsnote = {Provided by the SAO/NASA Astrophysics Data System}
}

%%%%%%%%% CCF "aliases" create secondary peaks
@ARTICLE{borsato2023,
       author = {{Borsato}, N.~W. and {Hoeijmakers}, H.~J. and {Prinoth}, B. and {Thorsbro}, B. and {Forsberg}, R. and {Kitzmann}, D. and {Jones}, K. and {Heng}, K.},
        title = "{The Mantis Network. III. Expanding the limits of chemical searches within ultra-hot Jupiters: New detections of Ca I, V I, Ti I, Cr I, Ni I, Sr II, Ba II, and Tb II in KELT-9 b}",
      journal = {\aap},
     keywords = {planets and satellites: atmospheres, planets and satellites: gaseous planets, techniques: spectroscopic, Astrophysics - Earth and Planetary Astrophysics},
         year = 2023,
        month = may,
       volume = {673},
          eid = {A158},
        pages = {A158},
          doi = {10.1051/0004-6361/202245121},
archivePrefix = {arXiv},
       eprint = {2304.04285},
 primaryClass = {astro-ph.EP},
       adsurl = {https://ui.adsabs.harvard.edu/abs/2023A&A...673A.158B},
      adsnote = {Provided by the SAO/NASA Astrophysics Data System}
}

%%%%%%%%%%%%%%%%% NIRPS (ESO messenger publication)
@ARTICLE{bouchy2017,
       author = {{Bouchy}, F. and {Doyon}, R. and {Artigau}, {\'E}. and {Melo}, C. and {Hernandez}, O. and {Wildi}, F. and {Delfosse}, X. and {Lovis}, C. and {Figueira}, P. and {Canto Martins}, B.~L. . and {Gonz{\'a}lez Hern{\'a}ndez}, J.~I. . and {Thibault}, S. and {Reshetov}, V. and {Pepe}, F. and {Santos}, N.~C. and {de Medeiros}, J.~R. . and {Rebolo}, R. and {Abreu}, M. and {Adibekyan}, V.~Z. and {Bandy}, T. and {Benz}, W. and {Blind}, N. and {Bohlender}, D. and {Boisse}, I. and {Bovay}, S. and {Broeg}, C. and {Brousseau}, D. and {Cabral}, A. and {Chazelas}, B. and {Cloutier}, R. and {Coelho}, J. and {Conod}, U. and {Cumming}, A. and {Delabre}, B. and {Genolet}, L. and {Hagelberg}, J. and {Jayawardhana}, R. and {K{\"a}ufl}, H. -U. and {Lafreni{\`e}re}, D. and {de Castro Le{\~a}o}, I. . and {Malo}, L. and {de Medeiros Martins}, A. . and {Matthews}, J.~M. and {Metchev}, S. and {Oshagh}, M. and {Ouellet}, M. and {Parro}, V.~C. and {Rasilla Pi{\~n}eiro}, J.~L. . and {Santos}, P. and {Sarajlic}, M. and {Segovia}, A. and {Sordet}, M. and {Udry}, S. and {Valencia}, D. and {Vall{\'e}e}, P. and {Venn}, K. and {Wade}, G.~A. and {Saddlemyer}, L.},
        title = "{Near-InfraRed Planet Searcher to Join HARPS on the ESO 3.6-metre Telescope}",
      journal = {The Messenger},
         year = 2017,
        month = sep,
       volume = {169},
        pages = {21-27},
          doi = {10.18727/0722-6691/5034},
       adsurl = {https://ui.adsabs.harvard.edu/abs/2017Msngr.169...21B},
      adsnote = {Provided by the SAO/NASA Astrophysics Data System}
}

@ARTICLE{bourrier2018,
       author = {{Bourrier}, V. and {Lecavelier des Etangs}, A. and {Ehrenreich}, D. and {Sanz-Forcada}, J. and {Allart}, R. and {Ballester}, G.~E. and {Buchhave}, L.~A. and {Cohen}, O. and {Deming}, D. and {Evans}, T.~M. and {Garc{\'\i}a Mu{\~n}oz}, A. and {Henry}, G.~W. and {Kataria}, T. and {Lavvas}, P. and {Lewis}, N. and {L{\'o}pez-Morales}, M. and {Marley}, M. and {Sing}, D.~K. and {Wakeford}, H.~R.},
        title = "{Hubble PanCET: an extended upper atmosphere of neutral hydrogen around the warm Neptune GJ 3470b}",
      journal = {\aap},
     keywords = {techniques: spectroscopic, planets and satellites: atmospheres, planets and satellites: individual: GJ 3470b, planet-star interactions, ultraviolet: stars, Astrophysics - Earth and Planetary Astrophysics, Astrophysics - Solar and Stellar Astrophysics},
         year = 2018,
        month = dec,
       volume = {620},
          eid = {A147},
        pages = {A147},
          doi = {10.1051/0004-6361/201833675},
archivePrefix = {arXiv},
       eprint = {1812.05119},
 primaryClass = {astro-ph.EP},
       adsurl = {https://ui.adsabs.harvard.edu/abs/2018A&A...620A.147B},
      adsnote = {Provided by the SAO/NASA Astrophysics Data System}
}

@ARTICLE{bourrier2020,
       author = {{Bourrier}, V. and {Ehrenreich}, D. and {Lendl}, M. and {Cretignier}, M. and {Allart}, R. and {Dumusque}, X. and {Cegla}, H.~M. and {Su{\'a}rez-Mascare{\~n}o}, A. and {Wyttenbach}, A. and {Hoeijmakers}, H.~J. and {Melo}, C. and {Kuntzer}, T. and {Astudillo-Defru}, N. and {Giles}, H. and {Heng}, K. and {Kitzmann}, D. and {Lavie}, B. and {Lovis}, C. and {Murgas}, F. and {Nascimbeni}, V. and {Pepe}, F. and {Pino}, L. and {Segransan}, D. and {Udry}, S.},
        title = "{Hot Exoplanet Atmospheres Resolved with Transit Spectroscopy (HEARTS). III. Atmospheric structure of the misaligned ultra-hot Jupiter WASP-121b}",
      journal = {\aap},
     keywords = {planets and satellites: atmospheres, planets and satellites: fundamental parameters, instrumentation: spectrographs, planets and satellites: individual: WASP-121b, methods: observational, techniques: spectroscopic, Astrophysics - Earth and Planetary Astrophysics, Astrophysics - Solar and Stellar Astrophysics},
         year = 2020,
        month = mar,
       volume = {635},
          eid = {A205},
        pages = {A205},
          doi = {10.1051/0004-6361/201936640},
archivePrefix = {arXiv},
       eprint = {2001.06836},
 primaryClass = {astro-ph.EP},
       adsurl = {https://ui.adsabs.harvard.edu/abs/2020A&A...635A.205B},
      adsnote = {Provided by the SAO/NASA Astrophysics Data System}
}

@ARTICLE{brogi2012,
       author = {{Brogi}, Matteo and {Snellen}, Ignas A.~G. and {de Kok}, Remco J. and {Albrecht}, Simon and {Birkby}, Jayne and {de Mooij}, Ernst J.~W.},
        title = "{The signature of orbital motion from the dayside of the planet {\ensuremath{\tau}} Bo{\"o}tis b}",
      journal = {\nat},
     keywords = {Astrophysics - Earth and Planetary Astrophysics},
         year = 2012,
        month = jun,
       volume = {486},
       number = {7404},
        pages = {502-504},
          doi = {10.1038/nature11161},
archivePrefix = {arXiv},
       eprint = {1206.6109},
 primaryClass = {astro-ph.EP},
       adsurl = {https://ui.adsabs.harvard.edu/abs/2012Natur.486..502B},
      adsnote = {Provided by the SAO/NASA Astrophysics Data System}
}


@ARTICLE{brogi2017,
       author = {{Brogi}, M. and {Line}, M. and {Bean}, J. and {D{\'e}sert}, J. -M. and {Schwarz}, H.},
        title = "{A Framework to Combine Low- and High-resolution Spectroscopy for the Atmospheres of Transiting Exoplanets}",
      journal = {\apjl},
     keywords = {methods: data analysis, planets and satellites: atmospheres, techniques: spectroscopic, Astrophysics - Earth and Planetary Astrophysics},
         year = 2017,
        month = apr,
       volume = {839},
       number = {1},
          eid = {L2},
        pages = {L2},
          doi = {10.3847/2041-8213/aa6933},
archivePrefix = {arXiv},
       eprint = {1612.07008},
 primaryClass = {astro-ph.EP},
       adsurl = {https://ui.adsabs.harvard.edu/abs/2017ApJ...839L...2B},
      adsnote = {Provided by the SAO/NASA Astrophysics Data System}
}

@ARTICLE{brogi2019,
       author = {{Brogi}, Matteo and {Line}, Michael R.},
        title = "{Retrieving Temperatures and Abundances of Exoplanet Atmospheres with High-resolution Cross-correlation Spectroscopy}",
      journal = {\aj},
     keywords = {methods: data analysis, planets and satellites: atmospheres, techniques: spectroscopic, Astrophysics - Earth and Planetary Astrophysics},
         year = 2019,
        month = mar,
       volume = {157},
       number = {3},
          eid = {114},
        pages = {114},
          doi = {10.3847/1538-3881/aaffd3},
archivePrefix = {arXiv},
       eprint = {1811.01681},
 primaryClass = {astro-ph.EP},
       adsurl = {https://ui.adsabs.harvard.edu/abs/2019AJ....157..114B},
      adsnote = {Provided by the SAO/NASA Astrophysics Data System}
}


@ARTICLE{casasayas-barris2021,
       author = {{Casasayas-Barris}, N. and {Orell-Miquel}, J. and {Stangret}, M. and {Nortmann}, L. and {Yan}, F. and {Oshagh}, M. and {Palle}, E. and {Sanz-Forcada}, J. and {L{\'o}pez-Puertas}, M. and {Nagel}, E. and {Luque}, R. and {Morello}, G. and {Snellen}, I.~A.~G. and {Zechmeister}, M. and {Quirrenbach}, A. and {Caballero}, J.~A. and {Ribas}, I. and {Reiners}, A. and {Amado}, P.~J. and {Bergond}, G. and {Czesla}, S. and {Henning}, Th. and {Khalafinejad}, S. and {Molaverdikhani}, K. and {Montes}, D. and {Perger}, M. and {S{\'a}nchez-L{\'o}pez}, A. and {Sedaghati}, E.},
        title = "{CARMENES detection of the Ca II infrared triplet and possible evidence of He I in the atmosphere of WASP-76b}",
      journal = {\aap},
     keywords = {planets and satellites: atmospheres, planets and satellites: individual: WASP-76b, techniques: photometric, techniques: radial velocities, techniques: spectroscopic, Astrophysics - Earth and Planetary Astrophysics},
         year = 2021,
        month = oct,
       volume = {654},
          eid = {A163},
        pages = {A163},
          doi = {10.1051/0004-6361/202141669},
archivePrefix = {arXiv},
       eprint = {2109.00059},
 primaryClass = {astro-ph.EP},
       adsurl = {https://ui.adsabs.harvard.edu/abs/2021A&A...654A.163C},
      adsnote = {Provided by the SAO/NASA Astrophysics Data System}
}

@ARTICLE{changeat2022,
       author = {{Changeat}, Q. and {Edwards}, B. and {Al-Refaie}, A.~F. and {Tsiaras}, A. and {Skinner}, J.~W. and {Cho}, J.~Y.~K. and {Yip}, K.~H. and {Anisman}, L. and {Ikoma}, M. and {Bieger}, M.~F. and {Venot}, O. and {Shibata}, S. and {Waldmann}, I.~P. and {Tinetti}, G.},
        title = "{Five Key Exoplanet Questions Answered via the Analysis of 25 Hot-Jupiter Atmospheres in Eclipse}",
      journal = {\apjs},
     keywords = {Exoplanet atmospheres, Bayesian statistics, Surveys, Hubble Space Telescope, Astronomy data reduction, 487, 1900, 1671, 761, 1861, Astrophysics - Earth and Planetary Astrophysics, Astrophysics - Instrumentation and Methods for Astrophysics},
         year = 2022,
        month = may,
       volume = {260},
       number = {1},
          eid = {3},
        pages = {3},
          doi = {10.3847/1538-4365/ac5cc2},
archivePrefix = {arXiv},
       eprint = {2204.11729},
 primaryClass = {astro-ph.EP},
       adsurl = {https://ui.adsabs.harvard.edu/abs/2022ApJS..260....3C},
      adsnote = {Provided by the SAO/NASA Astrophysics Data System}
}

%%%%%%%%%%%%%%%%%  radiative transfer code of molecfit
@ARTICLE{clough2005,
       author = {{Clough}, S.~A. and {Shephard}, M.~W. and {Mlawer}, E.~J. and {Delamere}, J.~S. and {Iacono}, M.~J. and {Cady-Pereira}, K. and {Boukabara}, S. and {Brown}, P.~D.},
        title = "{Atmospheric radiative transfer modeling: a summary of the AER codes}",
      journal = {\jqsrt},
         year = 2005,
        month = mar,
       volume = {91},
       number = {2},
        pages = {233-244},
          doi = {10.1016/j.jqsrt.2004.05.058},
       adsurl = {https://ui.adsabs.harvard.edu/abs/2005JQSRT..91..233C},
      adsnote = {Provided by the SAO/NASA Astrophysics Data System}
}


%%%%%%%%%%%%%%%%%% detection of FeI on dayside
%%%%%%%%%%%%%%%%%% non-detection of FeII in dayside
%%%%%%%%%%%%%%%%%% negative injection-recovery tests
@ARTICLE{cont2022,
       author = {{Cont}, D. and {Yan}, F. and {Reiners}, A. and {Nortmann}, L. and {Molaverdikhani}, K. and {Pall{\'e}}, E. and {Henning}, Th. and {Ribas}, I. and {Quirrenbach}, A. and {Caballero}, J.~A. and {Amado}, P.~J. and {Czesla}, S. and {Lesjak}, F. and {L{\'o}pez-Puertas}, M. and {Molli{\`e}re}, P. and {Montes}, D. and {Morello}, G. and {Nagel}, E. and {Pedraz}, S. and {S{\'a}nchez-L{\'o}pez}, A.},
        title = "{Atmospheric characterization of the ultra-hot Jupiter WASP-33b. Detection of Ti and V emission lines and retrieval of a broadened line profile}",
      journal = {\aap},
     keywords = {planets and satellites: atmospheres, techniques: spectroscopic, planets and satellites: individual: WASP-33b, Astrophysics - Earth and Planetary Astrophysics},
         year = 2022,
        month = dec,
       volume = {668},
          eid = {A53},
        pages = {A53},
          doi = {10.1051/0004-6361/202244277},
archivePrefix = {arXiv},
       eprint = {2209.10618},
 primaryClass = {astro-ph.EP},
       adsurl = {https://ui.adsabs.harvard.edu/abs/2022A&A...668A..53C},
      adsnote = {Provided by the SAO/NASA Astrophysics Data System}
}


%%%%%%%%%%%%%%%%% RASSINE code
@ARTICLE{cretignier2020,
       author = {{Cretignier}, M. and {Francfort}, J. and {Dumusque}, X. and {Allart}, R. and {Pepe}, F.},
        title = "{RASSINE: Interactive tool for normalising stellar spectra. I. Description and performance of the code}",
      journal = {\aap},
     keywords = {techniques: spectroscopic, methods: numerical, methods: data analysis, Astrophysics - Solar and Stellar Astrophysics, Astrophysics - Earth and Planetary Astrophysics, Astrophysics - Instrumentation and Methods for Astrophysics},
         year = 2020,
        month = aug,
       volume = {640},
          eid = {A42},
        pages = {A42},
          doi = {10.1051/0004-6361/202037722},
archivePrefix = {arXiv},
       eprint = {2006.13098},
 primaryClass = {astro-ph.SR},
       adsurl = {https://ui.adsabs.harvard.edu/abs/2020A&A...640A..42C},
      adsnote = {Provided by the SAO/NASA Astrophysics Data System}
}

%%%%%%%%%%%%%%%%% PyAstronomy
@MISC{czela2019,
       author = {{Czesla}, Stefan and {Schr{\"o}ter}, Sebastian and
         {Schneider}, Christian P. and {Huber}, Klaus F. and {Pfeifer}, Fabian and
         {Andreasen}, Daniel T. and {Zechmeister}, Mathias},
        title = "{PyA: Python astronomy-related packages}",
     keywords = {Software},
         year = "2019",
        month = "Jun",
          eid = {ascl:1906.010},
        pages = {ascl:1906.010},
archivePrefix = {ascl},
       eprint = {1906.010},
       adsurl = {https://ui.adsabs.harvard.edu/abs/2019ascl.soft06010C},
      adsnote = {Provided by the SAO/NASA Astrophysics Data System}
}

%%%%%%%%%%%%%%%%%% intro: detections
@ARTICLE{deibert2021,
       author = {{Deibert}, Emily K. and {de Mooij}, Ernst J.~W. and {Jayawardhana}, Ray and {Turner}, Jake D. and {Ridden-Harper}, Andrew and {Fossati}, Luca and {Hood}, Callie E. and {Fortney}, Jonathan J. and {Flagg}, Laura and {MacDonald}, Ryan and {Allart}, Romain and {Sing}, David K.},
        title = "{Detection of Ionized Calcium in the Atmosphere of the Ultra-hot Jupiter WASP-76b}",
      journal = {\apjl},
     keywords = {Exoplanet atmospheres, Transmission spectroscopy, Hot Jupiters, High resolution spectroscopy, Optical astronomy, Exoplanet atmospheric composition, Exoplanet atmospheric variability, Transits, 487, 2133, 753, 2096, 1776, 2021, 2020, 1711, Astrophysics - Earth and Planetary Astrophysics},
         year = 2021,
        month = oct,
       volume = {919},
       number = {2},
          eid = {L15},
        pages = {L15},
          doi = {10.3847/2041-8213/ac2513},
archivePrefix = {arXiv},
       eprint = {2109.04373},
 primaryClass = {astro-ph.EP},
       adsurl = {https://ui.adsabs.harvard.edu/abs/2021ApJ...919L..15D},
      adsnote = {Provided by the SAO/NASA Astrophysics Data System}
}

%%%%%%%%%%%%%%%%%% intro: detections
@ARTICLE{deibert2023,
       author = {{Deibert}, Emily K. and {de Mooij}, Ernst J.~W. and {Jayawardhana}, Ray and {Turner}, Jake D. and {Ridden-Harper}, Andrew and {Hood}, Callie E. and {Fortney}, Jonathan J. and {Flagg}, Laura and {Fossati}, Luca and {Allart}, Romain and {Brogi}, Matteo and {MacDonald}, Ryan J.},
        title = "{ExoGemS High-resolution Transmission Spectroscopy of WASP-76b with GRACES}",
      journal = {\aj},
     keywords = {Exoplanets, Extrasolar gaseous giant planets, Exoplanet atmospheres, Exoplanet atmospheric composition, Exoplanet atmospheric dynamics, Hot Jupiters, Transmission spectroscopy, 498, 509, 487, 2021, 2307, 753, 2133, Astrophysics - Earth and Planetary Astrophysics},
         year = 2023,
        month = oct,
       volume = {166},
       number = {4},
          eid = {141},
        pages = {141},
          doi = {10.3847/1538-3881/acebdc},
archivePrefix = {arXiv},
       eprint = {2307.16738},
 primaryClass = {astro-ph.EP},
       adsurl = {https://ui.adsabs.harvard.edu/abs/2023AJ....166..141D},
      adsnote = {Provided by the SAO/NASA Astrophysics Data System}
}

@ARTICLE{demangeon2024,
       author = {{Demangeon}, O.~D.~S. and {Cubillos}, P.~E. and {Singh}, V. and {Wilson}, T.~G. and {Carone}, L. and {Bekkelien}, A. and {Deline}, A. and {Ehrenreich}, D. and {Maxted}, P.~F.~L. and {Demory}, B. -O. and {Zingales}, T. and {Lendl}, M. and {Bonfanti}, A. and {Sousa}, S.~G. and {Brandeker}, A. and {Alibert}, Y. and {Alonso}, R. and {Asquier}, J. and {B{\'a}rczy}, T. and {Navascues}, D. Barrado and {Barros}, S.~C.~C. and {Baumjohann}, W. and {Beck}, M. and {Beck}, T. and {Benz}, W. and {Billot}, N. and {Biondi}, F. and {Borsato}, L. and {Broeg}, Ch. and {Buder}, M. and {Cameron}, A. Collier and {Csizmadia}, Sz. and {Davies}, M.~B. and {Deleuil}, M. and {Delrez}, L. and {Erikson}, A. and {Fortier}, A. and {Fossati}, L. and {Fridlund}, M. and {Gandolfi}, D. and {Gillon}, M. and {G{\"u}del}, M. and {G{\"u}nther}, M.~N. and {Heitzmann}, A. and {Helling}, Ch. and {Hoyer}, S. and {Isaak}, K.~G. and {Kiss}, L.~L. and {Lam}, K.~W.~F. and {Laskar}, J. and {des Etangs}, A. Lecavelier and {Magrin}, D. and {Mecina}, M. and {Mordasini}, Ch. and {Nascimbeni}, V. and {Olofsson}, G. and {Ottensamer}, R. and {Pagano}, I. and {Pall{\'e}}, E. and {Peter}, G. and {Piotto}, G. and {Pollacco}, D. and {Queloz}, D. and {Ragazzoni}, R. and {Rando}, N. and {Rauer}, H. and {Ribas}, I. and {Rieder}, M. and {Salmon}, S. and {Santos}, N.~C. and {Scandariato}, G. and {S{\'e}gransan}, D. and {Simon}, A.~E. and {Smith}, A.~M.~S. and {Stalport}, M. and {Szab{\'o}}, Gy. M. and {Thomas}, N. and {Udry}, S. and {Van Grootel}, V. and {Venturini}, J. and {Villaver}, E. and {Walton}, N.~A.},
        title = "{Asymmetry in the atmosphere of the ultra-hot Jupiter WASP-76 b}",
      journal = {\aap},
     keywords = {techniques: photometric, planets and satellites: atmospheres, planets and satellites: composition},
         year = 2024,
        month = apr,
       volume = {684},
          eid = {A27},
        pages = {A27},
          doi = {10.1051/0004-6361/202348270},
       adsurl = {https://ui.adsabs.harvard.edu/abs/2024A&A...684A..27D},
      adsnote = {Provided by the SAO/NASA Astrophysics Data System}
}



%%%%%%%%%%%%%%%%% CRIRES II (after update)
@ARTICLE{dorn2014,
       author = {{Dorn}, R.~J. and {Anglada-Escude}, G. and {Baade}, D. and {Bristow}, P. and {Follert}, R. and {Gojak}, D. and {Grunhut}, J. and {Hatzes}, A. and {Heiter}, U. and {Hilker}, M. and {Ives}, D.~J. and {Jung}, Y. and {K{\"a}ufl}, H. -U. and {Kerber}, F. and {Klein}, B. and {Lizon}, J. -L. and {Lockhart}, M. and {L{\"o}winger}, T. and {Marquart}, T. and {Oliva}, E. and {Origlia}, L. and {Pasquini}, L. and {Paufique}, J. and {Piskunov}, N. and {Pozna}, E. and {Reiners}, A. and {Smette}, A. and {Smoker}, J. and {Seemann}, U. and {Stempels}, E. and {Valenti}, E.},
        title = "{CRIRES+: Exploring the Cold Universe at High Spectral Resolution}",
      journal = {The Messenger},
         year = 2014,
        month = jun,
       volume = {156},
        pages = {7-11},
       adsurl = {https://ui.adsabs.harvard.edu/abs/2014Msngr.156....7D},
      adsnote = {Provided by the SAO/NASA Astrophysics Data System}
}

@ARTICLE{dorn2023,
       author = {{Dorn}, R.~J. and {Bristow}, P. and {Smoker}, J.~V. and {Rodler}, F. and {Lavail}, A. and {Accardo}, M. and {van den Ancker}, M. and {Baade}, D. and {Baruffolo}, A. and {Courtney-Barrer}, B. and {Blanco}, L. and {Brucalassi}, A. and {Cumani}, C. and {Follert}, R. and {Haimerl}, A. and {Hatzes}, A. and {Haug}, M. and {Heiter}, U. and {Hinterschuster}, R. and {Hubin}, N. and {Ives}, D.~J. and {Jung}, Y. and {Jones}, M. and {Kaeufl}, H. -U. and {Kirchbauer}, J. -P. and {Klein}, B. and {Kochukhov}, O. and {Korhonen}, H.~H. and {K{\"o}hler}, J. and {Lizon}, J. -L. and {Moins}, C. and {Molina-Conde}, I. and {Marquart}, T. and {Neeser}, M. and {Oliva}, E. and {Pallanca}, L. and {Pasquini}, L. and {Paufique}, J. and {Piskunov}, N. and {Reiners}, A. and {Schneller}, D. and {Schmutzer}, R. and {Seemann}, U. and {Slumstrup}, D. and {Smette}, A. and {Stegmeier}, J. and {Stempels}, E. and {Tordo}, S. and {Valenti}, E. and {Valenzuela}, J.~J. and {Vernet}, J. and {Vinther}, J. and {Wehrhahn}, A.},
        title = "{CRIRES$^{+}$ on sky at the ESO Very Large Telescope. Observing the Universe at infrared wavelengths and high spectral resolution}",
      journal = {\aap},
     keywords = {instrumentation: spectrographs, techniques: radial velocities, instrumentation: polarimeters, techniques: spectroscopic, instrumentation: adaptive optics},
         year = 2023,
        month = mar,
       volume = {671},
          eid = {A24},
        pages = {A24},
          doi = {10.1051/0004-6361/202245217},
       adsurl = {https://ui.adsabs.harvard.edu/abs/2023A&A...671A..24D},
      adsnote = {Provided by the SAO/NASA Astrophysics Data System}
}


%%%%%%%%%%%%%%%%%% photometry 2
@ARTICLE{dustin_lang_2010,
       author = {{Lang}, Dustin and {Hogg}, David W. and {Mierle}, Keir and {Blanton}, Michael and {Roweis}, Sam},
        title = "{Astrometry.net: Blind Astrometric Calibration of Arbitrary Astronomical Images}",
      journal = {\aj},
     keywords = {astrometry, catalogs, instrumentation: miscellaneous, methods: data analysis, methods: statistical, techniques: image processing, Astrophysics - Instrumentation and Methods for Astrophysics},
         year = 2010,
        month = may,
       volume = {139},
       number = {5},
        pages = {1782-1800},
          doi = {10.1088/0004-6256/139/5/1782},
archivePrefix = {arXiv},
       eprint = {0910.2233},
 primaryClass = {astro-ph.IM},
       adsurl = {https://ui.adsabs.harvard.edu/abs/2010AJ....139.1782L},
      adsnote = {Provided by the SAO/NASA Astrophysics Data System}
}


@ARTICLE{edwards2020,
       author = {{Edwards}, Billy and {Changeat}, Quentin and {Baeyens}, Robin and {Tsiaras}, Angelos and {Al-Refaie}, Ahmed and {Taylor}, Jake and {Yip}, Kai Hou and {Bieger}, Michelle Fabienne and {Blain}, Doriann and {Gressier}, Am{\'e}lie and {Guilluy}, Gloria and {Jaziri}, Adam Yassin and {Kiefer}, Flavien and {Modirrousta-Galian}, Darius and {Morvan}, Mario and {Mugnai}, Lorenzo V. and {Pluriel}, William and {Poveda}, Mathilde and {Skaf}, Nour and {Whiteford}, Niall and {Wright}, Sam and {Zingales}, Tiziano and {Charnay}, Benjamin and {Drossart}, Pierre and {Leconte}, J{\'e}r{\'e}my and {Venot}, Olivia and {Waldmann}, Ingo and {Beaulieu}, Jean-Philippe},
        title = "{ARES I: WASP-76 b, A Tale of Two HST Spectra}",
      journal = {\aj},
     keywords = {Exoplanet atmospheres, Exoplanet atmospheric composition, Hubble Space Telescope, 2021, 761, 487, Astrophysics - Earth and Planetary Astrophysics},
         year = 2020,
        month = jul,
       volume = {160},
       number = {1},
          eid = {8},
        pages = {8},
          doi = {10.3847/1538-3881/ab9225},
archivePrefix = {arXiv},
       eprint = {2005.02374},
 primaryClass = {astro-ph.EP},
       adsurl = {https://ui.adsabs.harvard.edu/abs/2020AJ....160....8E},
      adsnote = {Provided by the SAO/NASA Astrophysics Data System}
}


@ARTICLE{ehrenreich2015,
       author = {{Ehrenreich}, David and {Bourrier}, Vincent and {Wheatley}, Peter J. and {Lecavelier des Etangs}, Alain and {H{\'e}brard}, Guillaume and {Udry}, St{\'e}phane and {Bonfils}, Xavier and {Delfosse}, Xavier and {D{\'e}sert}, Jean-Michel and {Sing}, David K. and {Vidal-Madjar}, Alfred},
        title = "{A giant comet-like cloud of hydrogen escaping the warm Neptune-mass exoplanet GJ 436b}",
      journal = {\nat},
     keywords = {Astrophysics - Earth and Planetary Astrophysics},
         year = 2015,
        month = jun,
       volume = {522},
       number = {7557},
        pages = {459-461},
          doi = {10.1038/nature14501},
archivePrefix = {arXiv},
       eprint = {1506.07541},
 primaryClass = {astro-ph.EP},
       adsurl = {https://ui.adsabs.harvard.edu/abs/2015Natur.522..459E},
      adsnote = {Provided by the SAO/NASA Astrophysics Data System}
}

@ARTICLE{ehrenreich2020,
       author = {{Ehrenreich}, David and {Lovis}, Christophe and {Allart}, Romain and {Zapatero Osorio}, Mar{\'\i}a Rosa and {Pepe}, Francesco and {Cristiani}, Stefano and {Rebolo}, Rafael and {Santos}, Nuno C. and {Borsa}, Francesco and {Demangeon}, Olivier and {Dumusque}, Xavier and {Gonz{\'a}lez Hern{\'a}ndez}, Jonay I. and {Casasayas-Barris}, N{\'u}ria and {S{\'e}gransan}, Damien and {Sousa}, S{\'e}rgio and {Abreu}, Manuel and {Adibekyan}, Vardan and {Affolter}, Michael and {Allende Prieto}, Carlos and {Alibert}, Yann and {Aliverti}, Matteo and {Alves}, David and {Amate}, Manuel and {Avila}, Gerardo and {Baldini}, Veronica and {Bandy}, Timothy and {Benz}, Willy and {Bianco}, Andrea and {Bolmont}, {\'E}meline and {Bouchy}, Fran{\c{c}}ois and {Bourrier}, Vincent and {Broeg}, Christopher and {Cabral}, Alexandre and {Calderone}, Giorgio and {Pall{\'e}}, Enric and {Cegla}, H.~M. and {Cirami}, Roberto and {Coelho}, Jo{\~a}o M.~P. and {Conconi}, Paolo and {Coretti}, Igor and {Cumani}, Claudio and {Cupani}, Guido and {Dekker}, Hans and {Delabre}, Bernard and {Deiries}, Sebastian and {D'Odorico}, Valentina and {Di Marcantonio}, Paolo and {Figueira}, Pedro and {Fragoso}, Ana and {Genolet}, Ludovic and {Genoni}, Matteo and {G{\'e}nova Santos}, Ricardo and {Hara}, Nathan and {Hughes}, Ian and {Iwert}, Olaf and {Kerber}, Florian and {Knudstrup}, Jens and {Landoni}, Marco and {Lavie}, Baptiste and {Lizon}, Jean-Louis and {Lendl}, Monika and {Lo Curto}, Gaspare and {Maire}, Charles and {Manescau}, Antonio and {Martins}, C.~J.~A.~P. and {M{\'e}gevand}, Denis and {Mehner}, Andrea and {Micela}, Giusi and {Modigliani}, Andrea and {Molaro}, Paolo and {Monteiro}, Manuel and {Monteiro}, Mario and {Moschetti}, Manuele and {M{\"u}ller}, Eric and {Nunes}, Nelson and {Oggioni}, Luca and {Oliveira}, Ant{\'o}nio and {Pariani}, Giorgio and {Pasquini}, Luca and {Poretti}, Ennio and {Rasilla}, Jos{\'e} Luis and {Redaelli}, Edoardo and {Riva}, Marco and {Santana Tschudi}, Samuel and {Santin}, Paolo and {Santos}, Pedro and {Segovia Milla}, Alex and {Seidel}, Julia V. and {Sosnowska}, Danuta and {Sozzetti}, Alessandro and {Span{\`o}}, Paolo and {Su{\'a}rez Mascare{\~n}o}, Alejandro and {Tabernero}, Hugo and {Tenegi}, Fabio and {Udry}, St{\'e}phane and {Zanutta}, Alessio and {Zerbi}, Filippo},
        title = "{Nightside condensation of iron in an ultrahot giant exoplanet}",
      journal = {\nat},
     keywords = {Astrophysics - Earth and Planetary Astrophysics, Astrophysics - Solar and Stellar Astrophysics},
         year = 2020,
        month = apr,
       volume = {580},
       number = {7805},
        pages = {597-601},
          doi = {10.1038/s41586-020-2107-1},
archivePrefix = {arXiv},
       eprint = {2003.05528},
 primaryClass = {astro-ph.EP},
       adsurl = {https://ui.adsabs.harvard.edu/abs/2020Natur.580..597E},
      adsnote = {Provided by the SAO/NASA Astrophysics Data System}
}

@ARTICLE{eistrup2023,
       author = {{Eistrup}, Christian},
        title = "{A Chemical Modeling Roadmap Linking Protoplanetary Disks and Exoplanet Atmospheres}",
      journal = {ACS Earth and Space Chemistry},
     keywords = {Astrophysics - Earth and Planetary Astrophysics},
         year = 2023,
        month = jan,
       volume = {7},
       number = {1},
        pages = {260-277},
          doi = {10.1021/acsearthspacechem.1c00342},
archivePrefix = {arXiv},
       eprint = {2210.16921},
 primaryClass = {astro-ph.EP},
       adsurl = {https://ui.adsabs.harvard.edu/abs/2023ESC.....7..260E},
      adsnote = {Provided by the SAO/NASA Astrophysics Data System}
}

@ARTICLE{evans2017,
       author = {{Evans}, Thomas M. and {Sing}, David K. and {Kataria}, Tiffany and {Goyal}, Jayesh and {Nikolov}, Nikolay and {Wakeford}, Hannah R. and {Deming}, Drake and {Marley}, Mark S. and {Amundsen}, David S. and {Ballester}, Gilda E. and {Barstow}, Joanna K. and {Ben-Jaffel}, Lotfi and {Bourrier}, Vincent and {Buchhave}, Lars A. and {Cohen}, Ofer and {Ehrenreich}, David and {Garc{\'\i}a Mu{\~n}oz}, Antonio and {Henry}, Gregory W. and {Knutson}, Heather and {Lavvas}, Panayotis and {Lecavelier Des Etangs}, Alain and {Lewis}, Nikole K. and {L{\'o}pez-Morales}, Mercedes and {Mandell}, Avi M. and {Sanz-Forcada}, Jorge and {Tremblin}, Pascal and {Lupu}, Roxana},
        title = "{An ultrahot gas-giant exoplanet with a stratosphere}",
      journal = {\nat},
     keywords = {Astrophysics - Earth and Planetary Astrophysics},
         year = 2017,
        month = aug,
       volume = {548},
       number = {7665},
        pages = {58-61},
          doi = {10.1038/nature23266},
archivePrefix = {arXiv},
       eprint = {1708.01076},
 primaryClass = {astro-ph.EP},
       adsurl = {https://ui.adsabs.harvard.edu/abs/2017Natur.548...58E},
      adsnote = {Provided by the SAO/NASA Astrophysics Data System}
}

%%%%%%%%%%%%%%%%% stellar activity, planet signals, and chromaticity
@INPROCEEDINGS{figueira2010,
       author = {{Figueira}, P. and {Santos}, N.~C. and {Bonfils}, X. and {Hu{\'e}lamo}, N. and {Melo}, C.~H.~F. and {Gillon}, M. and {Azevedo}, R. and {Udry}, S. and {Mayor}, M.},
        title = "{Planets or Spots: tests and diagnostics in single and multi-planet systems}",
    booktitle = {EAS Publications Series},
         year = 2010,
       editor = {{Go{\.z}dziewski}, K. and {Niedzielski}, A. and {Schneider}, J.},
       series = {EAS Publications Series},
       volume = {42},
        month = apr,
        pages = {131-135},
          doi = {10.1051/eas/1042012},
       adsurl = {https://ui.adsabs.harvard.edu/abs/2010EAS....42..131F},
      adsnote = {Provided by the SAO/NASA Astrophysics Data System}
}



%%%%%%%%% also blueshifts in emission
@ARTICLE{finnerty2023,
       author = {{Finnerty}, Luke and {Xuan}, Jerry W. and {Xin}, Yinzi and {Liberman}, Joshua and {Schofield}, Tobias and {Fitzgerald}, Michael P. and {Agrawal}, Shubh and {Baker}, Ashley and {Bartos}, Randall and {Blake}, Geoffrey A. and {Calvin}, Benjamin and {Cetre}, Sylvain and {Delorme}, Jacques-Robert and {Doppman}, Greg and {Echeverri}, Daniel and {Hsu}, Chih-Chun and {Jovanovic}, Nemanja and {L{\'o}pez}, Ronald A. and {Martin}, Emily C. and {Mawet}, Dimitri and {Morris}, Evan and {Pezzato}, Jacklyn and {Ruffio}, Jean-Baptiste and {Sappey}, Ben and {Skemer}, Andrew and {Venenciano}, Taylor and {Wallace}, J. Kent and {Wallack}, Nicole L. and {Wang}, Jason J. and {Wang}, Ji},
        title = "{Atmospheric metallicity and C/O of HD 189733 b from high-resolution spectroscopy}",
      journal = {arXiv e-prints},
     keywords = {Astrophysics - Earth and Planetary Astrophysics},
         year = 2023,
        month = nov,
          eid = {arXiv:2312.00141},
        pages = {arXiv:2312.00141},
          doi = {10.48550/arXiv.2312.00141},
archivePrefix = {arXiv},
       eprint = {2312.00141},
 primaryClass = {astro-ph.EP},
       adsurl = {https://ui.adsabs.harvard.edu/abs/2023arXiv231200141F},
      adsnote = {Provided by the SAO/NASA Astrophysics Data System}
}


%%%%%%%%%%%%%%%%%% intro: detections
@ARTICLE{fisherheng2018,
       author = {{Fisher}, Chloe and {Heng}, Kevin},
        title = "{Retrieval analysis of 38 WFC3 transmission spectra and resolution of the normalization degeneracy}",
      journal = {\mnras},
     keywords = {planets and satellites: atmospheres, Astrophysics - Earth and Planetary Astrophysics, Physics - Atmospheric and Oceanic Physics, Physics - Data Analysis, Statistics and Probability},
         year = 2018,
        month = dec,
       volume = {481},
       number = {4},
        pages = {4698-4727},
          doi = {10.1093/mnras/sty2550},
archivePrefix = {arXiv},
       eprint = {1809.06894},
 primaryClass = {astro-ph.EP},
       adsurl = {https://ui.adsabs.harvard.edu/abs/2018MNRAS.481.4698F},
      adsnote = {Provided by the SAO/NASA Astrophysics Data System}
}


%%%%%%%%%%%%%%%%% simulations of thermal inversions - showed importance of TiO and VO
@ARTICLE{fortney2008,
       author = {{Fortney}, J.~J. and {Lodders}, K. and {Marley}, M.~S. and {Freedman}, R.~S.},
        title = "{A Unified Theory for the Atmospheres of the Hot and Very Hot Jupiters: Two Classes of Irradiated Atmospheres}",
      journal = {\apj},
     keywords = {planetary systems, radiative transfer, Astrophysics},
         year = 2008,
        month = may,
       volume = {678},
       number = {2},
        pages = {1419-1435},
          doi = {10.1086/528370},
archivePrefix = {arXiv},
       eprint = {0710.2558},
 primaryClass = {astro-ph},
       adsurl = {https://ui.adsabs.harvard.edu/abs/2008ApJ...678.1419F},
      adsnote = {Provided by the SAO/NASA Astrophysics Data System}
}

%%%%%%%%%%%%%%%%% EsoReflex
@ARTICLE{freudling2013,
   author = {{Freudling}, W. and {Romaniello}, M. and {Bramich}, D.~M. and
{Ballester}, P. and {Forchi}, V. and {Garc{\'{\i}}a-Dabl{\'o}}, C.~E. and
{Moehler}, S. and {Neeser}, M.~J.},
    title = "{Automated data reduction workflows for astronomy. The ESO Reflex environment}",
  journal = {\aap},
archivePrefix = "arXiv",
   eprint = {1311.5411},
 primaryClass = "astro-ph.IM",
 keywords = {methods: data analysis, astronomical databases: miscellaneous, techniques: miscellaneous, virtual observatory tools},
     year = 2013,
    month = nov,
   volume = 559,
      eid = {A96},
    pages = {A96},
      doi = {10.1051/0004-6361/201322494},
   adsurl = {http://adsabs.harvard.edu/abs/2013A%26A...559A..96F},
  adsnote = {Provided by the SAO/NASA Astrophysics Data System}
} 

@ARTICLE{fu2021,
       author = {{Fu}, Guangwei and {Deming}, Drake and {Lothringer}, Joshua and {Nikolov}, Nikolay and {Sing}, David K. and {Kempton}, Eliza M. -R. and {Ih}, Jegug and {Evans}, Thomas M. and {Stevenson}, Kevin and {Wakeford}, H.~R. and {Rodriguez}, Joseph E. and {Eastman}, Jason D. and {Stassun}, Keivan and {Henry}, Gregory W. and {L{\'o}pez-Morales}, Mercedes and {Lendl}, Monika and {Conti}, Dennis M. and {Stockdale}, Chris and {Collins}, Karen and {Kielkopf}, John and {Barstow}, Joanna K. and {Sanz-Forcada}, Jorge and {Ehrenreich}, David and {Bourrier}, Vincent and {dos Santos}, Leonardo A.},
        title = "{The Hubble PanCET Program: Transit and Eclipse Spectroscopy of the Strongly Irradiated Giant Exoplanet WASP-76b}",
      journal = {\aj},
     keywords = {Exoplanet atmospheres, 487, Astrophysics - Earth and Planetary Astrophysics},
         year = 2021,
        month = sep,
       volume = {162},
       number = {3},
          eid = {108},
        pages = {108},
          doi = {10.3847/1538-3881/ac1200},
archivePrefix = {arXiv},
       eprint = {2005.02568},
 primaryClass = {astro-ph.EP},
       adsurl = {https://ui.adsabs.harvard.edu/abs/2021AJ....162..108F},
      adsnote = {Provided by the SAO/NASA Astrophysics Data System}
}


@ARTICLE{gaia2020,
       author = {{Gaia Collaboration}},
        title = "{VizieR Online Data Catalog: Gaia EDR3 (Gaia Collaboration, 2020)}",
      journal = {VizieR Online Data Catalog},
     keywords = {Gaia},
         year = 2020,
        month = nov,
          eid = {I/350},
        pages = {I/350},
          doi = {10.26093/cds/vizier.1350},
       adsurl = {https://ui.adsabs.harvard.edu/abs/2020yCat.1350....0G},
      adsnote = {Provided by the SAO/NASA Astrophysics Data System}
}


@ARTICLE{gandhi2022,
       author = {{Gandhi}, Siddharth and {Kesseli}, Aurora and {Snellen}, Ignas and {Brogi}, Matteo and {Wardenier}, Joost P. and {Parmentier}, Vivien and {Welbanks}, Luis and {Savel}, Arjun B.},
        title = "{Spatially resolving the terminator: variation of Fe, temperature, and winds in WASP-76 b across planetary limbs and orbital phase}",
      journal = {\mnras},
     keywords = {radiative transfer, methods: numerical, techniques: spectroscopic, planets and satellites: atmospheres, planets and satellites: composition, Astrophysics - Earth and Planetary Astrophysics},
         year = 2022,
        month = sep,
       volume = {515},
       number = {1},
        pages = {749-766},
          doi = {10.1093/mnras/stac1744},
archivePrefix = {arXiv},
       eprint = {2206.11268},
 primaryClass = {astro-ph.EP},
       adsurl = {https://ui.adsabs.harvard.edu/abs/2022MNRAS.515..749G},
      adsnote = {Provided by the SAO/NASA Astrophysics Data System}
}


@INPROCEEDINGS{gardner2006,
       author = {{Gardner}, Jonathan P. and {Mather}, John C. and {Clampin}, Mark and {Doyon}, Rene and {Greenhouse}, Matthew A. and {Hammel}, Heidi B. and {Hutchings}, John B. and {Jakobsen}, Peter and {Lilly}, Simon J. and {Long}, Knox S. and {Lunine}, Jonathan I. and {McCaughrean}, Mark J. and {Mountain}, Matt and {Nella}, John and {Rieke}, George H. and {Rieke}, Marcia J. and {Rix}, Hans-Walter and {Smith}, Eric P. and {Sonneborn}, George and {Stiavelli}, Massimo and {Stockman}, H.~S. and {Windhorst}, Rogier A. and {Wright}, Gillian S.},
        title = "{Science with the James Webb space telescope}",
    booktitle = {Society of Photo-Optical Instrumentation Engineers (SPIE) Conference Series},
         year = 2006,
       editor = {{Mather}, John C. and {MacEwen}, Howard A. and {de Graauw}, Mattheus W.~M.},
       series = {Society of Photo-Optical Instrumentation Engineers (SPIE) Conference Series},
       volume = {6265},
        month = jun,
          eid = {62650N},
        pages = {62650N},
          doi = {10.1117/12.670492},
       adsurl = {https://ui.adsabs.harvard.edu/abs/2006SPIE.6265E..0NG},
      adsnote = {Provided by the SAO/NASA Astrophysics Data System}
}

@ARTICLE{garhart2020,
       author = {{Garhart}, Emily and {Deming}, Drake and {Mandell}, Avi and {Knutson}, Heather A. and {Wallack}, Nicole and {Burrows}, Adam and {Fortney}, Jonathan J. and {Hood}, Callie and {Seay}, Christopher and {Sing}, David K. and {Benneke}, Bj{\"o}rn and {Fraine}, Jonathan D. and {Kataria}, Tiffany and {Lewis}, Nikole and {Madhusudhan}, Nikku and {McCullough}, Peter and {Stevenson}, Kevin B. and {Wakeford}, Hannah},
        title = "{Statistical Characterization of Hot Jupiter Atmospheres Using Spitzer's Secondary Eclipses}",
      journal = {\aj},
     keywords = {486, 487, Astrophysics - Earth and Planetary Astrophysics},
         year = 2020,
        month = apr,
       volume = {159},
       number = {4},
          eid = {137},
        pages = {137},
          doi = {10.3847/1538-3881/ab6cff},
archivePrefix = {arXiv},
       eprint = {1901.07040},
 primaryClass = {astro-ph.EP},
       adsurl = {https://ui.adsabs.harvard.edu/abs/2020AJ....159..137G},
      adsnote = {Provided by the SAO/NASA Astrophysics Data System}
}


@ARTICLE{gibson2020,
       author = {{Gibson}, Neale P. and {Merritt}, Stephanie and {Nugroho}, Stevanus K. and {Cubillos}, Patricio E. and {de Mooij}, Ernst J.~W. and {Mikal-Evans}, Thomas and {Fossati}, Luca and {Lothringer}, Joshua and {Nikolov}, Nikolay and {Sing}, David K. and {Spake}, Jessica J. and {Watson}, Chris A. and {Wilson}, Jamie},
        title = "{Detection of Fe I in the atmosphere of the ultra-hot Jupiter WASP-121b, and a new likelihood-based approach for Doppler-resolved spectroscopy}",
      journal = {\mnras},
     keywords = {methods: data analysis, techniques: spectroscopic, stars: individual (WASP-121), planetary systems, Astrophysics - Earth and Planetary Astrophysics},
         year = 2020,
        month = apr,
       volume = {493},
       number = {2},
        pages = {2215-2228},
          doi = {10.1093/mnras/staa228},
archivePrefix = {arXiv},
       eprint = {2001.06430},
 primaryClass = {astro-ph.EP},
       adsurl = {https://ui.adsabs.harvard.edu/abs/2020MNRAS.493.2215G},
      adsnote = {Provided by the SAO/NASA Astrophysics Data System}
}


%%%%%%% binary companion second sighting
@ARTICLE{ginski2016,
       author = {{Ginski}, C. and {Mugrauer}, M. and {Seeliger}, M. and {Buder}, S. and {Errmann}, R. and {Avenhaus}, H. and {Mouillet}, D. and {Maire}, A. -L. and {Raetz}, S.},
        title = "{A lucky imaging multiplicity study of exoplanet host stars - II}",
      journal = {\mnras},
     keywords = {astrometry, techniques: high angular resolution, planets and satellites: formation, binaries: visual, stars: individual: HD 185269, stars: individual: Kepler-21, Astrophysics - Solar and Stellar Astrophysics, Astrophysics - Earth and Planetary Astrophysics},
         year = 2016,
        month = apr,
       volume = {457},
       number = {2},
        pages = {2173-2191},
          doi = {10.1093/mnras/stw049},
archivePrefix = {arXiv},
       eprint = {1601.01524},
 primaryClass = {astro-ph.SR},
       adsurl = {https://ui.adsabs.harvard.edu/abs/2016MNRAS.457.2173G},
      adsnote = {Provided by the SAO/NASA Astrophysics Data System}
}

@ARTICLE{helling2022,
       author = {{Helling}, Christiane},
        title = "{Cloud formation in Exoplanetary Atmospheres}",
      journal = {arXiv e-prints},
     keywords = {Astrophysics - Earth and Planetary Astrophysics, Astrophysics - Solar and Stellar Astrophysics, Physics - Computational Physics, Physics - Space Physics},
         year = 2022,
        month = may,
          eid = {arXiv:2205.00454},
        pages = {arXiv:2205.00454},
archivePrefix = {arXiv},
       eprint = {2205.00454},
 primaryClass = {astro-ph.EP},
       adsurl = {https://ui.adsabs.harvard.edu/abs/2022arXiv220500454H},
      adsnote = {Provided by the SAO/NASA Astrophysics Data System}
}


@ARTICLE{hoeijmakers2015,
       author = {{Hoeijmakers}, H.~J. and {de Kok}, R.~J. and {Snellen}, I.~A.~G. and {Brogi}, M. and {Birkby}, J.~L. and {Schwarz}, H.},
        title = "{A search for TiO in the optical high-resolution transmission spectrum of HD 209458b: Hindrance due to inaccuracies in the line database}",
      journal = {\aap},
     keywords = {line: identification, molecular data, planets and satellites: atmospheres, methods: observational, Astrophysics - Earth and Planetary Astrophysics},
         year = 2015,
        month = mar,
       volume = {575},
          eid = {A20},
        pages = {A20},
          doi = {10.1051/0004-6361/201424794},
archivePrefix = {arXiv},
       eprint = {1411.6017},
 primaryClass = {astro-ph.EP},
       adsurl = {https://ui.adsabs.harvard.edu/abs/2015A&A...575A..20H},
      adsnote = {Provided by the SAO/NASA Astrophysics Data System}
}


@ARTICLE{hoeijmakers2018,
       author = {{Hoeijmakers}, H. Jens and {Ehrenreich}, David and {Heng}, Kevin and {Kitzmann}, Daniel and {Grimm}, Simon L. and {Allart}, Romain and {Deitrick}, Russell and {Wyttenbach}, Aur{\'e}lien and {Oreshenko}, Maria and {Pino}, Lorenzo and {Rimmer}, Paul B. and {Molinari}, Emilio and {Di Fabrizio}, Luca},
        title = "{Atomic iron and titanium in the atmosphere of the exoplanet KELT-9b}",
      journal = {\nat},
     keywords = {Astrophysics - Earth and Planetary Astrophysics, Physics - Atmospheric and Oceanic Physics},
         year = 2018,
        month = aug,
       volume = {560},
       number = {7719},
        pages = {453-455},
          doi = {10.1038/s41586-018-0401-y},
archivePrefix = {arXiv},
       eprint = {1808.05653},
 primaryClass = {astro-ph.EP},
       adsurl = {https://ui.adsabs.harvard.edu/abs/2018Natur.560..453H},
      adsnote = {Provided by the SAO/NASA Astrophysics Data System}
}

%%%%%%%% Fe II transmission
@ARTICLE{hoeijmakers2019,
       author = {{Hoeijmakers}, H.~J. and {Ehrenreich}, D. and {Kitzmann}, D. and {Allart}, R. and {Grimm}, S.~L. and {Seidel}, J.~V. and {Wyttenbach}, A. and {Pino}, L. and {Nielsen}, L.~D. and {Fisher}, C. and {Rimmer}, P.~B. and {Bourrier}, V. and {Cegla}, H.~M. and {Lavie}, B. and {Lovis}, C. and {Patzer}, A.~B.~C. and {Stock}, J.~W. and {Pepe}, F.~A. and {Heng}, Kevin},
        title = "{A spectral survey of an ultra-hot Jupiter. Detection of metals in the transmission spectrum of KELT-9 b}",
      journal = {\aap},
     keywords = {planets and satellites: gaseous planets, techniques: spectroscopic, Astrophysics - Earth and Planetary Astrophysics},
         year = 2019,
        month = jul,
       volume = {627},
          eid = {A165},
        pages = {A165},
          doi = {10.1051/0004-6361/201935089},
archivePrefix = {arXiv},
       eprint = {1905.02096},
 primaryClass = {astro-ph.EP},
       adsurl = {https://ui.adsabs.harvard.edu/abs/2019A&A...627A.165H},
      adsnote = {Provided by the SAO/NASA Astrophysics Data System}
}

@ARTICLE{hoeijmakers2020,
       author = {{Hoeijmakers}, H.~J. and {Seidel}, J.~V. and {Pino}, L. and {Kitzmann}, D. and {Sindel}, J.~P. and {Ehrenreich}, D. and {Oza}, A.~V. and {Bourrier}, V. and {Allart}, R. and {Gebek}, A. and {Lovis}, C. and {Yurchenko}, S.~N. and {Astudillo-Defru}, N. and {Bayliss}, D. and {Cegla}, H. and {Lavie}, B. and {Lendl}, M. and {Melo}, C. and {Murgas}, F. and {Nascimbeni}, V. and {Pepe}, F. and {S{\'e}gransan}, D. and {Udry}, S. and {Wyttenbach}, A. and {Heng}, K.},
        title = "{Hot Exoplanet Atmospheres Resolved with Transit Spectroscopy (HEARTS). IV. A spectral inventory of atoms and molecules in the high-resolution transmission spectrum of WASP-121 b}",
      journal = {\aap},
     keywords = {planets and satellites: gaseous planets, planets and satellites: atmospheres, techniques: spectroscopic, Astrophysics - Earth and Planetary Astrophysics},
         year = 2020,
        month = sep,
       volume = {641},
          eid = {A123},
        pages = {A123},
          doi = {10.1051/0004-6361/202038365},
archivePrefix = {arXiv},
       eprint = {2006.11308},
 primaryClass = {astro-ph.EP},
       adsurl = {https://ui.adsabs.harvard.edu/abs/2020A&A...641A.123H},
      adsnote = {Provided by the SAO/NASA Astrophysics Data System}
}


@ARTICLE{hoeijmakers2024,
       author = {{Hoeijmakers}, H.~J. and {Kitzmann}, D. and {Morris}, B.~M. and {Prinoth}, B. and {Borsato}, N.~W. and {Thorsbro}, B. and {Pino}, L. and {Lee}, E.~K.~H. and {Ak{\i}n}, C. and {Seidel}, J.~V. and {Birkby}, J.~L. and {Allart}, R. and {Heng}, Kevin},
        title = "{The Mantis Network. IV. A titanium cold trap on the ultra-hot Jupiter WASP-121 b}",
      journal = {\aap},
     keywords = {methods: observational, techniques: spectroscopic, planets and satellites: atmospheres, planets and satellites: composition, planets and satellites: gaseous planets, Astrophysics - Earth and Planetary Astrophysics},
         year = 2024,
        month = may,
       volume = {685},
          eid = {A139},
        pages = {A139},
          doi = {10.1051/0004-6361/202244968},
archivePrefix = {arXiv},
       eprint = {2210.12847},
 primaryClass = {astro-ph.EP},
       adsurl = {https://ui.adsabs.harvard.edu/abs/2024A&A...685A.139H},
      adsnote = {Provided by the SAO/NASA Astrophysics Data System}
}



@ARTICLE{hog2000,
       author = {{H{\o}g}, E. and {Fabricius}, C. and {Makarov}, V.~V. and {Urban}, S. and {Corbin}, T. and {Wycoff}, G. and {Bastian}, U. and {Schwekendiek}, P. and {Wicenec}, A.},
        title = "{The Tycho-2 catalogue of the 2.5 million brightest stars}",
      journal = {\aap},
     keywords = {ASTROMETRY, STARS: FUNDAMENTAL PARAMETERS, CATALOGS},
         year = 2000,
        month = mar,
       volume = {355},
        pages = {L27-L30},
       adsurl = {https://ui.adsabs.harvard.edu/abs/2000A&A...355L..27H},
      adsnote = {Provided by the SAO/NASA Astrophysics Data System}
}



%%%%%%%%%%%%%%%%% showed importance of TiO for inversion
@ARTICLE{hubeny2003,
       author = {{Hubeny}, Ivan and {Burrows}, Adam and {Sudarsky}, David},
        title = "{A Possible Bifurcation in Atmospheres of Strongly Irradiated Stars and Planets}",
      journal = {\apj},
     keywords = {Stars: Binaries: General, Stars: Planetary Systems, Planets and Satellites: General, Radiative Transfer, Stars: Atmospheres, Stars: Low-Mass, Brown Dwarfs, Astrophysics},
         year = 2003,
        month = sep,
       volume = {594},
       number = {2},
        pages = {1011-1018},
          doi = {10.1086/377080},
archivePrefix = {arXiv},
       eprint = {astro-ph/0305349},
 primaryClass = {astro-ph},
       adsurl = {https://ui.adsabs.harvard.edu/abs/2003ApJ...594.1011H},
      adsnote = {Provided by the SAO/NASA Astrophysics Data System}
}


%%%%%%%%%%%%%%%%% stellar activity, planet signals, and chromaticity
@ARTICLE{huelamo2009,
       author = {{Hu{\'e}lamo}, N. and {Vaz}, L.~P.~R. and {Torres}, C.~A.~O. and {Bergeron}, P. and {Melo}, C.~H.~F. and {Quast}, G.~R. and {Barrado y Navascu{\'e}s}, D. and {Sterzik}, M.~F. and {Chauvin}, G. and {Bouy}, H. and {Landin}, N.~R.},
        title = "{The triple system HIP 96515: a low-mass eclipsing binary with a DB white dwarf companion}",
      journal = {\aap},
     keywords = {stars: white dwarfs, stars: binaries: eclipsing, stars: individual: HIP 96515, Astrophysics - Solar and Stellar Astrophysics},
         year = 2009,
        month = sep,
       volume = {503},
       number = {3},
        pages = {873-881},
          doi = {10.1051/0004-6361/200811514},
archivePrefix = {arXiv},
       eprint = {0902.0305},
 primaryClass = {astro-ph.SR},
       adsurl = {https://ui.adsabs.harvard.edu/abs/2009A&A...503..873H},
      adsnote = {Provided by the SAO/NASA Astrophysics Data System}
}

@ARTICLE{indriolo2009,
       author = {{Indriolo}, Nick and {Hobbs}, L.~M. and {Hinkle}, K.~H. and {McCall}, Benjamin J.},
        title = "{Interstellar Metastable Helium Absorption as a Probe of the Cosmic-ray Ionization Rate}",
      journal = {\apj},
     keywords = {astrochemistry, atomic processes, cosmic rays, Astrophysics - Solar and Stellar Astrophysics},
         year = 2009,
        month = oct,
       volume = {703},
       number = {2},
        pages = {2131-2137},
          doi = {10.1088/0004-637X/703/2/2131},
archivePrefix = {arXiv},
       eprint = {0908.2816},
 primaryClass = {astro-ph.SR},
       adsurl = {https://ui.adsabs.harvard.edu/abs/2009ApJ...703.2131I},
      adsnote = {Provided by the SAO/NASA Astrophysics Data System}
}


%%%%%%%%%%%%%%%%% CRIRES I (before update)
@INPROCEEDINGS{kaeufl2004,
       author = {{Kaeufl}, Hans-Ulrich and {Ballester}, Pascal and {Biereichel}, Peter and {Delabre}, Bernard and {Donaldson}, Rob and {Dorn}, Reinhold and {Fedrigo}, Enrico and {Finger}, Gert and {Fischer}, Gerhard and {Franza}, Francis and {Gojak}, Domingo and {Huster}, Gotthard and {Jung}, Yves and {Lizon}, Jean-Louis and {Mehrgan}, Leander and {Meyer}, Manfred and {Moorwood}, Alan and {Pirard}, Jean-Francois and {Paufique}, Jerome and {Pozna}, Esther and {Siebenmorgen}, Ralf and {Silber}, Armin and {Stegmeier}, Joerg and {Wegerer}, Stefan},
        title = "{CRIRES: a high-resolution infrared spectrograph for ESO's VLT}",
    booktitle = {Ground-based Instrumentation for Astronomy},
         year = 2004,
       editor = {{Moorwood}, Alan F.~M. and {Iye}, Masanori},
       series = {Society of Photo-Optical Instrumentation Engineers (SPIE) Conference Series},
       volume = {5492},
        month = sep,
        pages = {1218-1227},
          doi = {10.1117/12.551480},
       adsurl = {https://ui.adsabs.harvard.edu/abs/2004SPIE.5492.1218K},
      adsnote = {Provided by the SAO/NASA Astrophysics Data System}
}

@ARTICLE{kaltenegger2017,
       author = {{Kaltenegger}, Lisa},
        title = "{How to Characterize Habitable Worlds and Signs of Life}",
      journal = {\araa},
     keywords = {Astrophysics - Earth and Planetary Astrophysics, Astrophysics - Instrumentation and Methods for Astrophysics, Astrophysics - Solar and Stellar Astrophysics},
         year = 2017,
        month = aug,
       volume = {55},
       number = {1},
        pages = {433-485},
          doi = {10.1146/annurev-astro-082214-122238},
archivePrefix = {arXiv},
       eprint = {1911.05597},
 primaryClass = {astro-ph.EP},
       adsurl = {https://ui.adsabs.harvard.edu/abs/2017ARA&A..55..433K},
      adsnote = {Provided by the SAO/NASA Astrophysics Data System}
}


%%%%%%%%%%%%%%%%%% detection of FeI on dayside
%%%%%%%%%%%%%%%%%% non-detection of FeII on dayside
@ARTICLE{kasper2023,
       author = {{Kasper}, David and {Bean}, Jacob L. and {Line}, Michael R. and {Seifahrt}, Andreas and {Brady}, Madison T. and {Lothringer}, Joshua and {Pino}, Lorenzo and {Fu}, Guangwei and {Pelletier}, Stefan and {St{\"u}rmer}, Julian and {Benneke}, Bj{\"o}rn and {Brogi}, Matteo and {D{\'e}sert}, Jean-Michel},
        title = "{Unifying High- and Low-resolution Observations to Constrain the Dayside Atmosphere of KELT-20b/MASCARA-2b}",
      journal = {\aj},
     keywords = {Hot Jupiters, Exoplanet atmospheres, 753, 487, Astrophysics - Earth and Planetary Astrophysics},
         year = 2023,
        month = jan,
       volume = {165},
       number = {1},
          eid = {7},
        pages = {7},
          doi = {10.3847/1538-3881/ac9f40},
archivePrefix = {arXiv},
       eprint = {2208.04759},
 primaryClass = {astro-ph.EP},
       adsurl = {https://ui.adsabs.harvard.edu/abs/2023AJ....165....7K},
      adsnote = {Provided by the SAO/NASA Astrophysics Data System}
}

%%%%%%%%%%%%%%%%%  Molecfit II
@ARTICLE{kausch2015,
       author = {{Kausch}, W. and {Noll}, S. and {Smette}, A. and {Kimeswenger}, S. and {Barden}, M. and {Szyszka}, C. and {Jones}, A.~M. and {Sana}, H. and {Horst}, H. and {Kerber}, F.},
        title = "{Molecfit: A general tool for telluric absorption correction. II. Quantitative evaluation on ESO-VLT/X-Shooterspectra}",
      journal = {\aap},
     keywords = {radiative transfer, atmospheric effects, instrumentation: spectrographs, methods: data analysis, methods: numerical, techniques: spectroscopic, Astrophysics - Instrumentation and Methods for Astrophysics},
         year = 2015,
        month = apr,
       volume = {576},
          eid = {A78},
        pages = {A78},
          doi = {10.1051/0004-6361/201423909},
archivePrefix = {arXiv},
       eprint = {1501.07265},
 primaryClass = {astro-ph.IM},
       adsurl = {https://ui.adsabs.harvard.edu/abs/2015A&A...576A..78K},
      adsnote = {Provided by the SAO/NASA Astrophysics Data System}
}

@ARTICLE{kawauchi2022,
       author = {{Kawauchi}, Kiyoe and {Narita}, Norio and {Sato}, Bun'ei and {Kawashima}, Yui},
        title = "{Investigation of the upper atmosphere in ultra-hot Jupiter WASP-76 b with high-resolution spectroscopy}",
      journal = {\pasj},
     keywords = {planets and satellites: atmospheres, planets and satellites: composition, planets and satellites: individual (WASP-76 b), Astrophysics - Earth and Planetary Astrophysics},
         year = 2022,
        month = apr,
       volume = {74},
       number = {2},
        pages = {225-238},
          doi = {10.1093/pasj/psab120},
archivePrefix = {arXiv},
       eprint = {2112.02546},
 primaryClass = {astro-ph.EP},
       adsurl = {https://ui.adsabs.harvard.edu/abs/2022PASJ...74..225K},
      adsnote = {Provided by the SAO/NASA Astrophysics Data System}
}

@ARTICLE{kesseli2021,
       author = {{Kesseli}, Aurora Y. and {Snellen}, I.~A.~G.},
        title = "{Confirmation of Asymmetric Iron Absorption in WASP-76b with HARPS}",
      journal = {\apjl},
     keywords = {Exoplanet atmospheres, Hot Jupiters, Exoplanet atmospheric composition, 487, 753, 2021, Astrophysics - Earth and Planetary Astrophysics},
         year = 2021,
        month = feb,
       volume = {908},
       number = {1},
          eid = {L17},
        pages = {L17},
          doi = {10.3847/2041-8213/abe047},
archivePrefix = {arXiv},
       eprint = {2102.01095},
 primaryClass = {astro-ph.EP},
       adsurl = {https://ui.adsabs.harvard.edu/abs/2021ApJ...908L..17K},
      adsnote = {Provided by the SAO/NASA Astrophysics Data System}
}

@ARTICLE{kesseli2022,
       author = {{Kesseli}, Aurora Y. and {Snellen}, I.~A.~G. and {Casasayas-Barris}, N. and {Molli{\`e}re}, P. and {S{\'a}nchez-L{\'o}pez}, A.},
        title = "{An Atomic Spectral Survey of WASP-76b: Resolving Chemical Gradients and Asymmetries}",
      journal = {\aj},
     keywords = {498, 753, 487, 2120, Astrophysics - Earth and Planetary Astrophysics},
         year = 2022,
        month = mar,
       volume = {163},
       number = {3},
          eid = {107},
        pages = {107},
          doi = {10.3847/1538-3881/ac4336},
archivePrefix = {arXiv},
       eprint = {2111.09916},
 primaryClass = {astro-ph.EP},
       adsurl = {https://ui.adsabs.harvard.edu/abs/2022AJ....163..107K},
      adsnote = {Provided by the SAO/NASA Astrophysics Data System}
}


%%%%%%%%% modelling planet formation to reproduce observations of its atmosphere
@ARTICLE{khorshid2023,
       author = {{Khorshid}, N. and {Min}, M. and {D{\'e}sert}, J.~M.},
        title = "{Retrieving planet formation parameters of WASP-77Ab using SimAb}",
      journal = {\aap},
     keywords = {planets and satellites: formation, planets and satellites: composition, planets and satellites: atmospheres},
         year = 2023,
        month = jul,
       volume = {675},
          eid = {A95},
        pages = {A95},
          doi = {10.1051/0004-6361/202245469},
       adsurl = {https://ui.adsabs.harvard.edu/abs/2023A&A...675A..95K},
      adsnote = {Provided by the SAO/NASA Astrophysics Data System}
}


%%%%%%%%%%%%%%%%% Mantis code
@ARTICLE{kitzmann2021,
       author = {{Kitzmann}, Daniel and {Hoeijmakers}, Jens H. and {Grimm}, Simon L. and {Borsato}, Nicholas W. and {Lueber}, Anna and {Prinoth}, Bibiana},
        title = "{The Mantis Network I: A standard grid of templates and masks for cross-correlation analyses of ultra-hot Jupiter transmission spectra}",
      journal = {arXiv e-prints},
     keywords = {Astrophysics - Earth and Planetary Astrophysics, Astrophysics - Instrumentation and Methods for Astrophysics},
         year = 2021,
        month = dec,
          eid = {arXiv:2112.11380},
        pages = {arXiv:2112.11380},
archivePrefix = {arXiv},
       eprint = {2112.11380},
 primaryClass = {astro-ph.EP},
       adsurl = {https://ui.adsabs.harvard.edu/abs/2021arXiv211211380K},
      adsnote = {Provided by the SAO/NASA Astrophysics Data System}
}

@INCOLLECTION{kreidberg2018,
       author = {{Kreidberg}, Laura},
        title = "{Exoplanet Atmosphere Measurements from Transmission Spectroscopy and Other Planet Star Combined Light Observations}",
     keywords = {Physics, Astrophysics - Earth and Planetary Astrophysics},
    booktitle = {Handbook of Exoplanets},
         year = 2018,
       editor = {{Deeg}, Hans J. and {Belmonte}, Juan Antonio},
          eid = {100},
        pages = {100},
          doi = {10.1007/978-3-319-55333-7\_100},
       adsurl = {https://ui.adsabs.harvard.edu/abs/2018haex.bookE.100K},
      adsnote = {Provided by the SAO/NASA Astrophysics Data System}
}

%%%%%%%%%%%%%%%%%% intro: detections
@ARTICLE{lampon2023,
       author = {{Lamp{\'o}n}, M. and {L{\'o}pez-Puertas}, M. and {Sanz-Forcada}, J. and {Czesla}, S. and {Nortmann}, L. and {Casasayas-Barris}, N. and {Orell-Miquel}, J. and {S{\'a}nchez-L{\'o}pez}, A. and {Danielski}, C. and {Pall{\'e}}, E. and {Molaverdikhani}, K. and {Henning}, Th. and {Caballero}, J.~A. and {Amado}, P.~J. and {Quirrenbach}, A. and {Reiners}, A. and {Ribas}, I.},
        title = "{Characterisation of the upper atmospheres of HAT-P-32 b, WASP-69 b, GJ 1214 b, and WASP-76 b through their He I triplet absorption}",
      journal = {\aap},
     keywords = {planets and satellites: atmospheres, planets and satellites: individual: HAT-P-32 b, planets and satellites: individual: WASP-69 b, planets and satellites: individual: WASP-76 b, planets and satellites: individual: GJ 1214 b, Astrophysics - Earth and Planetary Astrophysics},
         year = 2023,
        month = may,
       volume = {673},
          eid = {A140},
        pages = {A140},
          doi = {10.1051/0004-6361/202245649},
archivePrefix = {arXiv},
       eprint = {2304.03839},
 primaryClass = {astro-ph.EP},
       adsurl = {https://ui.adsabs.harvard.edu/abs/2023A&A...673A.140L},
      adsnote = {Provided by the SAO/NASA Astrophysics Data System}
}

@ARTICLE{landman2021,
       author = {{Landman}, R. and {S{\'a}nchez-L{\'o}pez}, A. and {Molli{\`e}re}, P. and {Kesseli}, A.~Y. and {Louca}, A.~J. and {Snellen}, I.~A.~G.},
        title = "{Detection of OH in the ultra-hot Jupiter WASP-76b}",
      journal = {\aap},
     keywords = {planets and satellites: atmospheres, planets and satellites: individual: WASP-76b, techniques: spectroscopic, methods: observational, Astrophysics - Earth and Planetary Astrophysics},
         year = 2021,
        month = dec,
       volume = {656},
          eid = {A119},
        pages = {A119},
          doi = {10.1051/0004-6361/202141696},
archivePrefix = {arXiv},
       eprint = {2110.11946},
 primaryClass = {astro-ph.EP},
       adsurl = {https://ui.adsabs.harvard.edu/abs/2021A&A...656A.119L},
      adsnote = {Provided by the SAO/NASA Astrophysics Data System}
}

%%%%%%%%%%%%%%%%%% photometry 1
@ARTICLE{lendl_2012,
       author = {{Lendl}, M. and {Anderson}, D.~R. and {Collier-Cameron}, A. and {Doyle}, A.~P. and {Gillon}, M. and {Hellier}, C. and {Jehin}, E. and {Lister}, T.~A. and {Maxted}, P.~F.~L. and {Pepe}, F. and {Pollacco}, D. and {Queloz}, D. and {Smalley}, B. and {S{\'e}gransan}, D. and {Smith}, A.~M.~S. and {Triaud}, A.~H.~M.~J. and {Udry}, S. and {West}, R.~G. and {Wheatley}, P.~J.},
        title = "{WASP-42 b and WASP-49 b: two new transiting sub-Jupiters}",
      journal = {\aap},
     keywords = {planetary systems, methods: observational, techniques: photometric, techniques: spectroscopic, stars: individual: WASP-42, stars: individual: WASP-49, Astrophysics - Earth and Planetary Astrophysics, Astrophysics - Solar and Stellar Astrophysics},
         year = 2012,
        month = aug,
       volume = {544},
          eid = {A72},
        pages = {A72},
          doi = {10.1051/0004-6361/201219585},
archivePrefix = {arXiv},
       eprint = {1205.2757},
 primaryClass = {astro-ph.EP},
       adsurl = {https://ui.adsabs.harvard.edu/abs/2012A&A...544A..72L},
      adsnote = {Provided by the SAO/NASA Astrophysics Data System}
}

%%%%% also blueshift, also kp-normalisation with st. dev.
@ARTICLE{line2021,
       author = {{Line}, Michael R. and {Brogi}, Matteo and {Bean}, Jacob L. and {Gandhi}, Siddharth and {Zalesky}, Joseph and {Parmentier}, Vivien and {Smith}, Peter and {Mace}, Gregory N. and {Mansfield}, Megan and {Kempton}, Eliza M. -R. and {Fortney}, Jonathan J. and {Shkolnik}, Evgenya and {Patience}, Jennifer and {Rauscher}, Emily and {D{\'e}sert}, Jean-Michel and {Wardenier}, Joost P.},
        title = "{A solar C/O and sub-solar metallicity in a hot Jupiter atmosphere}",
      journal = {\nat},
     keywords = {Astrophysics - Earth and Planetary Astrophysics},
         year = 2021,
        month = oct,
       volume = {598},
       number = {7882},
        pages = {580-584},
          doi = {10.1038/s41586-021-03912-6},
archivePrefix = {arXiv},
       eprint = {2110.14821},
 primaryClass = {astro-ph.EP},
       adsurl = {https://ui.adsabs.harvard.edu/abs/2021Natur.598..580L},
      adsnote = {Provided by the SAO/NASA Astrophysics Data System}
}

%%%%%%%%%%%%%%%%% atomic solar abundance values
@inbook{lodders2020,
    author = {Katharina Lodders},
    title = {Solar Elemental Abundances},
    booktitle = {The Oxford Research Encyclopedia of Planetary Science},
    publisher = {Oxford University Press},
    year = {2020},
    eid = {arXiv:1912.00844},
    pages = {arXiv:1912.00844},
    doi = {10.48550/arXiv.1912.00844},
    archivePrefix = {arXiv},
    eprint = {1912.00844}
}

%%%%%%%%%%%%%%%%%% showed importance of atomic metals and some molecules
%%%%%%%%%%%%%%%%%% for thermal inversions
@ARTICLE{lothringer2018,
       author = {{Lothringer}, Joshua D. and {Barman}, Travis and {Koskinen}, Tommi},
        title = "{Extremely Irradiated Hot Jupiters: Non-oxide Inversions, H$^{-}$ Opacity, and Thermal Dissociation of Molecules}",
      journal = {\apj},
     keywords = {methods: numerical, planets and satellites: atmospheres, Astrophysics - Earth and Planetary Astrophysics},
         year = 2018,
        month = oct,
       volume = {866},
       number = {1},
          eid = {27},
        pages = {27},
          doi = {10.3847/1538-4357/aadd9e},
archivePrefix = {arXiv},
       eprint = {1805.00038},
 primaryClass = {astro-ph.EP},
       adsurl = {https://ui.adsabs.harvard.edu/abs/2018ApJ...866...27L},
      adsnote = {Provided by the SAO/NASA Astrophysics Data System}
}

@ARTICLE{lothringer2019,
       author = {{Lothringer}, Joshua D. and {Barman}, Travis},
        title = "{The Influence of Host Star Spectral Type on Ultra-hot Jupiter Atmospheres}",
      journal = {\apj},
     keywords = {methods: numerical, planets and satellites: atmospheres, planets and satellites: gaseous planets, Astrophysics - Earth and Planetary Astrophysics, Astrophysics - Solar and Stellar Astrophysics},
         year = 2019,
        month = may,
       volume = {876},
       number = {1},
          eid = {69},
        pages = {69},
          doi = {10.3847/1538-4357/ab1485},
archivePrefix = {arXiv},
       eprint = {1903.12183},
 primaryClass = {astro-ph.EP},
       adsurl = {https://ui.adsabs.harvard.edu/abs/2019ApJ...876...69L},
      adsnote = {Provided by the SAO/NASA Astrophysics Data System}
}

@PHDTHESIS{lothringer2019thesis,
       author = {{Lothringer}, Joshua David},
        title = "{Characterizing the Atmospheres of Exoplanet Populations: From Sub-Jovian to Ultra-hot Jupiter Exoplanets}",
     keywords = {Astronomy;Atmospheric sciences;Astrophysics},
       school = {University of Arizona},
         year = 2019,
        month = jan,
       adsurl = {https://ui.adsabs.harvard.edu/abs/2019PhDT........51L},
      adsnote = {Provided by the SAO/NASA Astrophysics Data System}
}

%%% KELT-20b discovery, value of T_eq useful
@ARTICLE{lund2017,
       author = {{Lund}, Michael B. and {Rodriguez}, Joseph E. and {Zhou}, George and {Gaudi}, B. Scott and {Stassun}, Keivan G. and {Johnson}, Marshall C. and {Bieryla}, Allyson and {Oelkers}, Ryan J. and {Stevens}, Daniel J. and {Collins}, Karen A. and {Penev}, Kaloyan and {Quinn}, Samuel N. and {Latham}, David W. and {Villanueva}, Steven, Jr. and {Eastman}, Jason D. and {Kielkopf}, John F. and {Oberst}, Thomas E. and {Jensen}, Eric L.~N. and {Cohen}, David H. and {Joner}, Michael D. and {Stephens}, Denise C. and {Relles}, Howard and {Corfini}, Giorgio and {Gregorio}, Joao and {Zambelli}, Roberto and {Esquerdo}, Gilbert A. and {Calkins}, Michael L. and {Berlind}, Perry and {Ciardi}, David R. and {Dressing}, Courtney and {Patel}, Rahul and {Gagnon}, Patrick and {Gonzales}, Erica and {Beatty}, Thomas G. and {Siverd}, Robert J. and {Labadie-Bartz}, Jonathan and {Kuhn}, Rudolf B. and {Col{\'o}n}, Knicole D. and {James}, David and {Pepper}, Joshua and {Fulton}, Benjamin J. and {McLeod}, Kim K. and {Stockdale}, Christopher and {Calchi Novati}, Sebastiano and {DePoy}, D.~L. and {Gould}, Andrew and {Marshall}, Jennifer L. and {Trueblood}, Mark and {Trueblood}, Patricia and {Johnson}, John A. and {Wright}, Jason and {McCrady}, Nate and {Wittenmyer}, Robert A. and {Johnson}, Samson A. and {Sergi}, Anthony and {Wilson}, Maurice and {Sliski}, David H.},
        title = "{KELT-20b: A Giant Planet with a Period of P {\ensuremath{\sim}} 3.5 days Transiting the V {\ensuremath{\sim}} 7.6 Early A Star HD 185603}",
      journal = {\aj},
     keywords = {methods: observational, planets and satellites: detection, planets and satellites: gaseous planets, stars: individual (HD 185603), techniques: photometric, techniques: radial velocities, Astrophysics - Earth and Planetary Astrophysics},
         year = 2017,
        month = nov,
       volume = {154},
       number = {5},
          eid = {194},
        pages = {194},
          doi = {10.3847/1538-3881/aa8f95},
archivePrefix = {arXiv},
       eprint = {1707.01518},
 primaryClass = {astro-ph.EP},
       adsurl = {https://ui.adsabs.harvard.edu/abs/2017AJ....154..194L},
      adsnote = {Provided by the SAO/NASA Astrophysics Data System}
}


@ARTICLE{madhusudhan2014,
       author = {{Madhusudhan}, Nikku and {Amin}, Mustafa A. and {Kennedy}, Grant M.},
        title = "{Toward Chemical Constraints on Hot Jupiter Migration}",
      journal = {\apjl},
     keywords = {planetary systems, planets and satellites: general, Astrophysics - Earth and Planetary Astrophysics},
         year = 2014,
        month = oct,
       volume = {794},
       number = {1},
          eid = {L12},
        pages = {L12},
          doi = {10.1088/2041-8205/794/1/L12},
archivePrefix = {arXiv},
       eprint = {1408.3668},
 primaryClass = {astro-ph.EP},
       adsurl = {https://ui.adsabs.harvard.edu/abs/2014ApJ...794L..12M},
      adsnote = {Provided by the SAO/NASA Astrophysics Data System}
}

%%%%%%%%%%%%%%%%% review of exoplanet atmospheric studies
@ARTICLE{madhusudhan2019,
       author = {{Madhusudhan}, Nikku},
        title = "{Exoplanetary Atmospheres: Key Insights, Challenges, and Prospects}",
      journal = {\araa},
     keywords = {Astrophysics - Earth and Planetary Astrophysics},
         year = 2019,
        month = aug,
       volume = {57},
        pages = {617-663},
          doi = {10.1146/annurev-astro-081817-051846},
archivePrefix = {arXiv},
       eprint = {1904.03190},
 primaryClass = {astro-ph.EP},
       adsurl = {https://ui.adsabs.harvard.edu/abs/2019ARA&A..57..617M},
      adsnote = {Provided by the SAO/NASA Astrophysics Data System}
}

@ARTICLE{maiolino2013,
       author = {{Maiolino}, R. and {Haehnelt}, M. and {Murphy}, M.~T. and {Queloz}, D. and {Origlia}, L. and {Alcala}, J. and {Alibert}, Y. and {Amado}, P.~J. and {Allende Prieto}, C. and {Ammler-von Eiff}, M. and {Asplund}, M. and {Barstow}, M. and {Becker}, G. and {Bonfils}, X. and {Bouchy}, F. and {Bragaglia}, A. and {Burleigh}, M.~R. and {Chiavassa}, A. and {Cimatti}, D.~A. and {Cirasuolo}, M. and {Cristiani}, S. and {D'Odorico}, V. and {Dravins}, D. and {Emsellem}, E. and {Farihi}, J. and {Figueira}, P. and {Fynbo}, J. and {Gansicke}, B.~T. and {Gillon}, M. and {Gustafsson}, B. and {Hill}, V. and {Israelyan}, G. and {Korn}, A. and {Larsen}, S. and {De Laverny}, P. and {Liske}, J. and {Lovis}, C. and {Marconi}, A. and {Martins}, C. and {Molaro}, P. and {Nisini}, B. and {Oliva}, E. and {Petitjean}, P. and {Pettini}, M. and {Recio Blanco}, A. and {Rebolo}, R. and {Reiners}, A. and {Rodriguez-Lopez}, C. and {Ryde}, N. and {Santos}, N.~C. and {Savaglio}, S. and {Snellen}, I. and {Strassmeier}, K. and {Tanvir}, N. and {Testi}, L. and {Tolstoy}, E. and {Triaud}, A. and {Vanzi}, L. and {Viel}, M. and {Volonteri}, M.},
        title = "{A Community Science Case for E-ELT HIRES}",
      journal = {arXiv e-prints},
     keywords = {Astrophysics - Instrumentation and Methods for Astrophysics, Astrophysics - Cosmology and Extragalactic Astrophysics, Astrophysics - Earth and Planetary Astrophysics, Astrophysics - Galaxy Astrophysics, Astrophysics - Solar and Stellar Astrophysics},
         year = 2013,
        month = oct,
          eid = {arXiv:1310.3163},
        pages = {arXiv:1310.3163},
          doi = {10.48550/arXiv.1310.3163},
archivePrefix = {arXiv},
       eprint = {1310.3163},
 primaryClass = {astro-ph.IM},
       adsurl = {https://ui.adsabs.harvard.edu/abs/2013arXiv1310.3163M},
      adsnote = {Provided by the SAO/NASA Astrophysics Data System}
}


@INPROCEEDINGS{marconi2016,
       author = {{Marconi}, A. and {Di Marcantonio}, P. and {D'Odorico}, V. and {Cristiani}, S. and {Maiolino}, R. and {Oliva}, E. and {Origlia}, L. and {Riva}, M. and {Valenziano}, L. and {Zerbi}, F.~M. and {Abreu}, M. and {Adibekyan}, V. and {Allende Prieto}, C. and {Amado}, P.~J. and {Benz}, W. and {Boisse}, I. and {Bonfils}, X. and {Bouchy}, F. and {Buchhave}, L. and {Buscher}, D. and {Cabral}, A. and {Canto Martins}, B.~L. and {Chiavassa}, A. and {Coelho}, J. and {Christensen}, L.~B. and {Delgado-Mena}, E. and {de Medeiros}, J.~R. and {Di Varano}, I. and {Figueira}, P. and {Fisher}, M. and {Fynbo}, J.~P.~U. and {Glasse}, A.~C.~H. and {Haehnelt}, M. and {Haniff}, C. and {Hansen}, C.~J. and {Hatzes}, A. and {Huke}, P. and {Korn}, A.~J. and {Le{\~a}o}, I.~C. and {Liske}, J. and {Lovis}, C. and {Maslowski}, P. and {Matute}, I. and {McCracken}, R.~A. and {Martins}, C.~J.~A.~P. and {Monteiro}, M.~J.~P.~F.~G. and {Morris}, S. and {Morris}, T. and {Nicklas}, H. and {Niedzielski}, A. and {Nunes}, N.~J. and {Palle}, E. and {Parr-Burman}, P.~M. and {Parro}, V. and {Parry}, I. and {Pepe}, F. and {Piskunov}, N. and {Queloz}, D. and {Quirrenbach}, A. and {Rebolo Lopez}, R. and {Reiners}, A. and {Reid}, D.~T. and {Santos}, N. and {Seifert}, W. and {Sousa}, S. and {Stempels}, H.~C. and {Strassmeier}, K. and {Sun}, X. and {Udry}, S. and {Vanzi}, L. and {Vestergaard}, M. and {Weber}, M. and {Zackrisson}, E.},
        title = "{EELT-HIRES the high-resolution spectrograph for the E-ELT}",
     keywords = {Astrophysics - Instrumentation and Methods for Astrophysics},
    booktitle = {Ground-based and Airborne Instrumentation for Astronomy VI},
         year = 2016,
       editor = {{Evans}, Christopher J. and {Simard}, Luc and {Takami}, Hideki},
       series = {Society of Photo-Optical Instrumentation Engineers (SPIE) Conference Series},
       volume = {9908},
        month = aug,
          eid = {990823},
        pages = {990823},
          doi = {10.1117/12.2231653},
archivePrefix = {arXiv},
       eprint = {1609.00497},
 primaryClass = {astro-ph.IM},
       adsurl = {https://ui.adsabs.harvard.edu/abs/2016SPIE.9908E..23M},
      adsnote = {Provided by the SAO/NASA Astrophysics Data System}
}

@INPROCEEDINGS{marconi2022,
       author = {{Marconi}, A. and {Abreu}, M. and {Adibekyan}, V. and {Alberti}, V. and {Albrecht}, S. and {Alcaniz}, J. and {Aliverti}, M. and {Allende Prieto}, C. and {Alvarado G{\'o}mez}, J.~D. and {Amado}, P.~J. and {Amate}, M. and {Andersen}, M.~I. and {Artigau}, E. and {Baker}, C. and {Baldini}, V. and {Balestra}, A. and {Barnes}, S.~A. and {Baron}, F. and {Barros}, S.~C.~C. and {Bauer}, S.~M. and {Beaulieu}, M. and {Bellido-Tirado}, O. and {Benneke}, B. and {Bensby}, T. and {Bergin}, E.~A. and {Biazzo}, K. and {Bik}, A. and {Birkby}, J.~L. and {Blind}, N. and {Boisse}, I. and {Bolmont}, E. and {Bonaglia}, M. and {Bonfils}, X. and {Borsa}, F. and {Brandeker}, A. and {Brandner}, W. and {Broeg}, C.~H. and {Brogi}, M. and {Brousseau}, D. and {Brucalassi}, A. and {Brynnel}, J. and {Buchhave}, L.~A. and {Buscher}, D.~F. and {Cabral}, A. and {Calderone}, G. and {Calvo-Ortega}, R. and {Canto Martins}, B.~L. and {Cantalloube}, F. and {Carbonaro}, L. and {Chauvin}, G. and {Chazelas}, B. and {Cheffot}, A. -L. and {Cheng}, Y.~S. and {Chiavassa}, A. and {Christensen}, L. and {Cirami}, R. and {Cook}, N.~J. and {Cooke}, R.~J. and {Coretti}, I. and {Covino}, S. and {Cowan}, N. and {Cresci}, G. and {Cristiani}, S. and {Cunha Parro}, V. and {Cupani}, G. and {D'Odorico}, V. and {de Castro Le{\~a}o}, I. and {De Cia}, A. and {De Medeiros}, J.~R. and {Debras}, F. and {Debus}, M. and {Demangeon}, O. and {Dessauges-Zavadsky}, M. and {Di Marcantonio}, P. and {Dionies}, F. and {Doyon}, R. and {Dunn}, J. and {Ehrenreich}, D. and {Faria}, J.~P. and {Feruglio}, C. and {Fisher}, M. and {Fontana}, A. and {Fumagalli}, M. and {Fusco}, T. and {Fynbo}, J. and {Gabella}, O. and {Gaessler}, W. and {Gallo}, E. and {Gao}, X. and {Genolet}, L. and {Genoni}, M. and {Giacobbe}, P. and {Giro}, E. and {Gon{\c{c}}alves}, R.~S. and {Gonzalez}, O. and {Gonz{\'a}lez Hern{\'a}ndez}, J.~I. and {Gracia T{\'e}mich}, F. and {Haehnelt}, M.~G. and {Haniff}, C. and {Hatzes}, A. and {Helled}, R. and {Hoeijmakers}, H.~J. and {Huke}, P. and {J{\"a}rvinen}, S. and {J{\"a}rvinen}, A. and {Kaminski}, A. and {Korn}, A. and {Kouach}, D. and {Kowzan}, G. and {Kreidberg}, L. and {Landoni}, M. and {Lanotte}, A. and {Lavail}, A. and {Li}, J. and {Liske}, J. and {Lovis}, C. and {Lucatello}, S. and {Lunney}, D. and {MacIntosh}, M. and {Madhusudhan}, N. and {Magrini}, L. and {Maiolino}, R. and {Malo}, L. and {Man}, A. and {Marquart}, T. and {Marques}, E.~L. and {Martins}, A.~M. and {Martins}, C.~J.~A.~P. and {Maslowski}, P. and {Mason}, C. and {Mason}, E. and {McCracken}, R.~A. and {Mergo}, P. and {Micela}, G. and {Mitchell}, T. and {Molli{\`e}re}, P. and {Monteiro}, M. and {Montgomery}, D. and {Mordasini}, C. and {Morin}, J. and {Mucciarelli}, A. and {Murphy}, M.~T. and {N'Diaye}, M. and {Neichel}, B. and {Niedzielski}, A.~T. and {Niemczura}, E. and {Nortmann}, L. and {Noterdaeme}, P. and {Nunes}, N. and {Oggioni}, L. and {Oliva}, E. and {{\"O}nel}, H. and {Origlia}, L. and {{\"O}stlin}, G. and {Palle}, E. and {Papaderos}, P. and {Pariani}, G. and {Pe{\~n}ate Castro}, J. and {Pepe}, F. and {Perreault Levasseur}, L. and {Petit}, P. and {Pino}, L. and {Piqueras}, J. and {Pollo}, A. and {Poppenhaeger}, K. and {Quirrenbach}, A. and {Rauscher}, E. and {Rebolo}, R. and {Redaelli}, E.~M.~A. and {Reffert}, S. and {Reid}, D.~T. and {Reiners}, A. and {Richter}, P. and {Riva}, M. and {Rivoire}, S. and {Rodr{\'\i}guez-L{\'o}pez}, C. and {Roederer}, I.~U. and {Romano}, D. and {Rousseau}, S. and {Rowe}, J. and {Salvadori}, S. and {Santos}, N. and {Santos Diaz}, P. and {Sanz-Forcada}, J. and {Sarajlic}, M. and {Sauvage}, J. -F. and {Sch{\"a}fer}, S. and {Schiavon}, R.~P. and {Schmidt}, T.~M. and {Selmi}, C. and {Sivanandam}, S. and {Sordet}, M. and {Sordo}, R. and {Sortino}, F. and {Sosnowska}, D. and {Sousa}, S.~G. and {Stempels}, E. and {Strassmeier}, K.~G. and {Su{\'a}rez Mascare{\~n}o}, A. and {Sulich}, A. and {Sun}, X. and {Tanvir}, N.~R. and {Tenegi-Sangin{\'e}s}, F. and {Thibault}, S. and {Thompson}, S.~J. and {Tozzi}, A. and {Turbet}, M. and {Vall{\'e}e}, P. and {Varas}, R. and {Venn}, K. and {V{\'e}ran}, J. -P. and {Verma}, A. and {Viel}, M. and {Wade}, G. and {Waring}, C. and {Weber}, M. and {Weder}, J. and {Wehbe}, B. and {Weingrill}, J. and {Woche}, M. and {Xompero}, M. and {Zackrisson}, E. and {Zanutta}, A. and {Zapatero Osorio}, M.~R. and {Zechmeister}, M. and {Zimara}, J.},
        title = "{ANDES, the high resolution spectrograph for the ELT: science case, baseline design and path to construction}",
    booktitle = {Ground-based and Airborne Instrumentation for Astronomy IX},
         year = 2022,
       editor = {{Evans}, Christopher J. and {Bryant}, Julia J. and {Motohara}, Kentaro},
       series = {Society of Photo-Optical Instrumentation Engineers (SPIE) Conference Series},
       volume = {12184},
        month = aug,
          eid = {1218424},
        pages = {1218424},
          doi = {10.1117/12.2628689},
       adsurl = {https://ui.adsabs.harvard.edu/abs/2022SPIE12184E..24M},
      adsnote = {Provided by the SAO/NASA Astrophysics Data System}
}



@ARTICLE{may2021,
       author = {{May}, Erin M. and {Komacek}, Thaddeus D. and {Stevenson}, Kevin B. and {Kempton}, Eliza M. -R. and {Bean}, Jacob L. and {Malik}, Matej and {Ih}, Jegug and {Mansfield}, Megan and {Savel}, Arjun B. and {Deming}, Drake and {Desert}, Jean-Michel and {Feng}, Y. Katherina and {Fortney}, Jonathan J. and {Kataria}, Tiffany and {Lewis}, Nikole and {Morley}, Caroline and {Rauscher}, Emily and {Showman}, Adam},
        title = "{Spitzer Phase-curve Observations and Circulation Models of the Inflated Ultrahot Jupiter WASP-76b}",
      journal = {\aj},
     keywords = {Exoplanet atmospheres, Exoplanet astronomy, Hot Jupiters, 487, 486, 753, Astrophysics - Earth and Planetary Astrophysics},
         year = 2021,
        month = oct,
       volume = {162},
       number = {4},
          eid = {158},
        pages = {158},
          doi = {10.3847/1538-3881/ac0e30},
archivePrefix = {arXiv},
       eprint = {2107.03349},
 primaryClass = {astro-ph.EP},
       adsurl = {https://ui.adsabs.harvard.edu/abs/2021AJ....162..158M},
      adsnote = {Provided by the SAO/NASA Astrophysics Data System}
}


%%%%%%%%%%%%%%%%% First exoplanet discovery
@ARTICLE{mayorqueloz1995,
       author = {{Mayor}, Michel and {Queloz}, Didier},
        title = "{A Jupiter-mass companion to a solar-type star}",
      journal = {\nat},
         year = 1995,
        month = nov,
       volume = {378},
       number = {6555},
        pages = {355-359},
          doi = {10.1038/378355a0},
       adsurl = {https://ui.adsabs.harvard.edu/abs/1995Natur.378..355M},
      adsnote = {Provided by the SAO/NASA Astrophysics Data System}
}

%%%%%%%%%%%%%%%%% HARPS
@ARTICLE{mayor2003,
       author = {{Mayor}, M. and {Pepe}, F. and {Queloz}, D. and {Bouchy}, F. and {Rupprecht}, G. and {Lo Curto}, G. and {Avila}, G. and {Benz}, W. and {Bertaux}, J. -L. and {Bonfils}, X. and {Dall}, Th. and {Dekker}, H. and {Delabre}, B. and {Eckert}, W. and {Fleury}, M. and {Gilliotte}, A. and {Gojak}, D. and {Guzman}, J.~C. and {Kohler}, D. and {Lizon}, J. -L. and {Longinotti}, A. and {Lovis}, C. and {Megevand}, D. and {Pasquini}, L. and {Reyes}, J. and {Sivan}, J. -P. and {Sosnowska}, D. and {Soto}, R. and {Udry}, S. and {van Kesteren}, A. and {Weber}, L. and {Weilenmann}, U.},
        title = "{Setting New Standards with HARPS}",
      journal = {The Messenger},
         year = 2003,
        month = dec,
       volume = {114},
        pages = {20-24},
       adsurl = {https://ui.adsabs.harvard.edu/abs/2003Msngr.114...20M},
      adsnote = {Provided by the SAO/NASA Astrophysics Data System}
}

%%%%%%%%%%%%%%%%% RM effect
@ARTICLE{mclaughlin1924,
       author = {{McLaughlin}, D.~B.},
        title = "{Some results of a spectrographic study of the Algol system.}",
      journal = {\apj},
         year = 1924,
        month = jul,
       volume = {60},
        pages = {22-31},
          doi = {10.1086/142826},
       adsurl = {https://ui.adsabs.harvard.edu/abs/1924ApJ....60...22M},
      adsnote = {Provided by the SAO/NASA Astrophysics Data System}
}

@ARTICLE{meadows2018,
       author = {{Meadows}, Victoria S. and {Reinhard}, Christopher T. and {Arney}, Giada N. and {Parenteau}, Mary N. and {Schwieterman}, Edward W. and {Domagal-Goldman}, Shawn D. and {Lincowski}, Andrew P. and {Stapelfeldt}, Karl R. and {Rauer}, Heike and {DasSarma}, Shiladitya and {Hegde}, Siddharth and {Narita}, Norio and {Deitrick}, Russell and {Lustig-Yaeger}, Jacob and {Lyons}, Timothy W. and {Siegler}, Nicholas and {Grenfell}, J. Lee},
        title = "{Exoplanet Biosignatures: Understanding Oxygen as a Biosignature in the Context of Its Environment}",
      journal = {Astrobiology},
     keywords = {Review Articles, Earth Science, Astrophysics - Earth and Planetary Astrophysics},
         year = 2018,
        month = jun,
       volume = {18},
       number = {6},
        pages = {630-662},
          doi = {10.1089/ast.2017.1727},
archivePrefix = {arXiv},
       eprint = {1705.07560},
 primaryClass = {astro-ph.EP},
       adsurl = {https://ui.adsabs.harvard.edu/abs/2018AsBio..18..630M},
      adsnote = {Provided by the SAO/NASA Astrophysics Data System}
}

@ARTICLE{merritt2020,
       author = {{Merritt}, S.~R. and {Gibson}, N.~P. and {Nugroho}, S.~K. and {de Mooij}, E.~J.~W. and {Hooton}, M.~J. and {Matthews}, S.~M. and {McKemmish}, L.~K. and {Mikal-Evans}, T. and {Nikolov}, N. and {Sing}, D.~K. and {Spake}, J.~J. and {Watson}, C.~A.},
        title = "{Non-detection of TiO and VO in the atmosphere of WASP-121b using high-resolution spectroscopy}",
      journal = {\aap},
     keywords = {planets and satellites: atmospheres, planets and satellites: individual: WASP-121b, methods: observational, techniques: spectroscopic, Astrophysics - Earth and Planetary Astrophysics},
         year = 2020,
        month = apr,
       volume = {636},
          eid = {A117},
        pages = {A117},
          doi = {10.1051/0004-6361/201937409},
archivePrefix = {arXiv},
       eprint = {2002.02795},
 primaryClass = {astro-ph.EP},
       adsurl = {https://ui.adsabs.harvard.edu/abs/2020A&A...636A.117M},
      adsnote = {Provided by the SAO/NASA Astrophysics Data System}
}

@ARTICLE{mikal-evans2020,
       author = {{Mikal-Evans}, Thomas and {Sing}, David K. and {Kataria}, Tiffany and {Wakeford}, Hannah R. and {Mayne}, Nathan J. and {Lewis}, Nikole K. and {Barstow}, Joanna K. and {Spake}, Jessica J.},
        title = "{Confirmation of water emission in the dayside spectrum of the ultrahot Jupiter WASP-121b}",
      journal = {\mnras},
     keywords = {techniques: spectroscopic, planets and satellites: atmospheres, Astrophysics - Earth and Planetary Astrophysics},
         year = 2020,
        month = aug,
       volume = {496},
       number = {2},
        pages = {1638-1644},
          doi = {10.1093/mnras/staa1628},
archivePrefix = {arXiv},
       eprint = {2005.09631},
 primaryClass = {astro-ph.EP},
       adsurl = {https://ui.adsabs.harvard.edu/abs/2020MNRAS.496.1638M},
      adsnote = {Provided by the SAO/NASA Astrophysics Data System}
}


%%%%%%%%%%%%%%%%% wind simulations that confirmed Snellen's finding was possible
@ARTICLE{miller-ricci2012,
       author = {{Miller-Ricci Kempton}, Eliza and {Rauscher}, Emily},
        title = "{Constraining High-speed Winds in Exoplanet Atmospheres through Observations of Anomalous Doppler Shifts during Transit}",
      journal = {\apj},
     keywords = {planetary systems, Astrophysics - Earth and Planetary Astrophysics},
         year = 2012,
        month = jun,
       volume = {751},
       number = {2},
          eid = {117},
        pages = {117},
          doi = {10.1088/0004-637X/751/2/117},
archivePrefix = {arXiv},
       eprint = {1109.2270},
 primaryClass = {astro-ph.EP},
       adsurl = {https://ui.adsabs.harvard.edu/abs/2012ApJ...751..117M},
      adsnote = {Provided by the SAO/NASA Astrophysics Data System}
}

%%%%%%%%%%%%%%%%% petitRADTRANS I
@ARTICLE{molliere2019,
       author = {{Molli{\`e}re}, P. and {Wardenier}, J.~P. and {van Boekel}, R. and {Henning}, Th. and {Molaverdikhani}, K. and {Snellen}, I.~A.~G.},
        title = "{petitRADTRANS. A Python radiative transfer package for exoplanet characterization and retrieval}",
      journal = {\aap},
     keywords = {methods: numerical, planets and satellites: atmospheres, radiative transfer, Astrophysics - Earth and Planetary Astrophysics},
         year = 2019,
        month = jul,
       volume = {627},
          eid = {A67},
        pages = {A67},
          doi = {10.1051/0004-6361/201935470},
archivePrefix = {arXiv},
       eprint = {1904.11504},
 primaryClass = {astro-ph.EP},
       adsurl = {https://ui.adsabs.harvard.edu/abs/2019A&A...627A..67M},
      adsnote = {Provided by the SAO/NASA Astrophysics Data System}
}

%%%%%%%%%%%%%%%%% petitRADTRANS II
@ARTICLE{molliere2020,
       author = {{Molli{\`e}re}, P. and {Stolker}, T. and {Lacour}, S. and {Otten}, G.~P.~P.~L. and {Shangguan}, J. and {Charnay}, B. and {Molyarova}, T. and {Nowak}, M. and {Henning}, Th. and {Marleau}, G. -D. and {Semenov}, D.~A. and {van Dishoeck}, E. and {Eisenhauer}, F. and {Garcia}, P. and {Garcia Lopez}, R. and {Girard}, J.~H. and {Greenbaum}, A.~Z. and {Hinkley}, S. and {Kervella}, P. and {Kreidberg}, L. and {Maire}, A. -L. and {Nasedkin}, E. and {Pueyo}, L. and {Snellen}, I.~A.~G. and {Vigan}, A. and {Wang}, J. and {de Zeeuw}, P.~T. and {Zurlo}, A.},
        title = "{Retrieving scattering clouds and disequilibrium chemistry in the atmosphere of HR 8799e}",
      journal = {\aap},
     keywords = {methods: numerical, planets and satellites: atmospheres, radiative transfer, instrumentation: spectrographs, Astrophysics - Earth and Planetary Astrophysics},
         year = 2020,
        month = aug,
       volume = {640},
          eid = {A131},
        pages = {A131},
          doi = {10.1051/0004-6361/202038325},
archivePrefix = {arXiv},
       eprint = {2006.09394},
 primaryClass = {astro-ph.EP},
       adsurl = {https://ui.adsabs.harvard.edu/abs/2020A&A...640A.131M},
      adsnote = {Provided by the SAO/NASA Astrophysics Data System}
}


%%%%%%% binary, actual confirmation of being gravitationally bound
@ARTICLE{ngo2016,
       author = {{Ngo}, Henry and {Knutson}, Heather A. and {Hinkley}, Sasha and {Bryan}, Marta and {Crepp}, Justin R. and {Batygin}, Konstantin and {Crossfield}, Ian and {Hansen}, Brad and {Howard}, Andrew W. and {Johnson}, John A. and {Mawet}, Dimitri and {Morton}, Timothy D. and {Muirhead}, Philip S. and {Wang}, Ji},
        title = "{Friends of Hot Jupiters. IV. Stellar Companions Beyond 50 au Might Facilitate Giant Planet Formation, but Most are Unlikely to Cause Kozai-Lidov Migration}",
      journal = {\apj},
     keywords = {binaries: close, binaries: eclipsing, methods: observational, planetary systems, planets and satellites: dynamical evolution and stability, techniques: high angular resolution, Astrophysics - Earth and Planetary Astrophysics},
         year = 2016,
        month = aug,
       volume = {827},
       number = {1},
          eid = {8},
        pages = {8},
          doi = {10.3847/0004-637X/827/1/8},
archivePrefix = {arXiv},
       eprint = {1606.07102},
 primaryClass = {astro-ph.EP},
       adsurl = {https://ui.adsabs.harvard.edu/abs/2016ApJ...827....8N},
      adsnote = {Provided by the SAO/NASA Astrophysics Data System}
}

@ARTICLE{nortmann2018,
       author = {{Nortmann}, Lisa and {Pall{\'e}}, Enric and {Salz}, Michael and {Sanz-Forcada}, Jorge and {Nagel}, Evangelos and {Alonso-Floriano}, F. Javier and {Czesla}, Stefan and {Yan}, Fei and {Chen}, Guo and {Snellen}, Ignas A.~G. and {Zechmeister}, Mathias and {Schmitt}, J{\"u}rgen H.~M.~M. and {L{\'o}pez-Puertas}, Manuel and {Casasayas-Barris}, N{\'u}ria and {Bauer}, Florian F. and {Amado}, Pedro J. and {Caballero}, Jos{\'e} A. and {Dreizler}, Stefan and {Henning}, Thomas and {Lamp{\'o}n}, Manuel and {Montes}, David and {Molaverdikhani}, Karan and {Quirrenbach}, Andreas and {Reiners}, Ansgar and {Ribas}, Ignasi and {S{\'a}nchez-L{\'o}pez}, Alejandro and {Schneider}, P. Christian and {Zapatero Osorio}, Mar{\'\i}a R.},
        title = "{Ground-based detection of an extended helium atmosphere in the Saturn-mass exoplanet WASP-69b}",
      journal = {Science},
     keywords = {ASTRONOMY, GEOCHEM PHYS, PLANET SCI, Astrophysics - Earth and Planetary Astrophysics},
         year = 2018,
        month = dec,
       volume = {362},
       number = {6421},
        pages = {1388-1391},
          doi = {10.1126/science.aat5348},
archivePrefix = {arXiv},
       eprint = {1812.03119},
 primaryClass = {astro-ph.EP},
       adsurl = {https://ui.adsabs.harvard.edu/abs/2018Sci...362.1388N},
      adsnote = {Provided by the SAO/NASA Astrophysics Data System}
}

@ARTICLE{oberg2011,
       author = {{{\"O}berg}, Karin I. and {Murray-Clay}, Ruth and {Bergin}, Edwin A.},
        title = "{The Effects of Snowlines on C/O in Planetary Atmospheres}",
      journal = {\apjl},
     keywords = {astrochemistry, circumstellar matter, molecular processes, planetary systems, planet-disk interactions, planets and satellites: atmospheres, Astrophysics - Astrophysics of Galaxies},
         year = 2011,
        month = dec,
       volume = {743},
       number = {1},
          eid = {L16},
        pages = {L16},
          doi = {10.1088/2041-8205/743/1/L16},
archivePrefix = {arXiv},
       eprint = {1110.5567},
 primaryClass = {astro-ph.GA},
       adsurl = {https://ui.adsabs.harvard.edu/abs/2011ApJ...743L..16O},
      adsnote = {Provided by the SAO/NASA Astrophysics Data System}
}

@ARTICLE{oklopcic2018,
       author = {{Oklop{\v{c}}i{\'c}}, Antonija and {Hirata}, Christopher M.},
        title = "{A New Window into Escaping Exoplanet Atmospheres: 10830 {\r{A}} Line of Helium}",
      journal = {\apjl},
     keywords = {atomic processes, planets and satellites: atmospheres, planets and satellites: gaseous planets, radiative transfer, Astrophysics - Earth and Planetary Astrophysics},
         year = 2018,
        month = mar,
       volume = {855},
       number = {1},
          eid = {L11},
        pages = {L11},
          doi = {10.3847/2041-8213/aaada9},
archivePrefix = {arXiv},
       eprint = {1711.05269},
 primaryClass = {astro-ph.EP},
       adsurl = {https://ui.adsabs.harvard.edu/abs/2018ApJ...855L..11O},
      adsnote = {Provided by the SAO/NASA Astrophysics Data System}
}

@ARTICLE{parmentier2018,
       author = {{Parmentier}, Vivien and {Line}, Mike R. and {Bean}, Jacob L. and {Mansfield}, Megan and {Kreidberg}, Laura and {Lupu}, Roxana and {Visscher}, Channon and {D{\'e}sert}, Jean-Michel and {Fortney}, Jonathan J. and {Deleuil}, Magalie and {Arcangeli}, Jacob and {Showman}, Adam P. and {Marley}, Mark S.},
        title = "{From thermal dissociation to condensation in the atmospheres of ultra hot Jupiters: WASP-121b in context}",
      journal = {\aap},
     keywords = {radiative transfer, planets and satellites: gaseous planets, planets and satellites: atmospheres, Astrophysics - Earth and Planetary Astrophysics, Astrophysics - Solar and Stellar Astrophysics},
         year = 2018,
        month = sep,
       volume = {617},
          eid = {A110},
        pages = {A110},
          doi = {10.1051/0004-6361/201833059},
archivePrefix = {arXiv},
       eprint = {1805.00096},
 primaryClass = {astro-ph.EP},
       adsurl = {https://ui.adsabs.harvard.edu/abs/2018A&A...617A.110P},
      adsnote = {Provided by the SAO/NASA Astrophysics Data System}
}

@article{pelletier2021,
        author = {Pelletier, Stefan and Benneke, Bj{\"{o}}rn and Darveau-Bernier, Antoine and Boucher, Anne and Cook, Neil J. and Piaulet, Caroline and Coulombe, Louis-Philippe and Artigau, {\'{E}}tienne and Lafreni{\`{e}}re, David and Delisle, Simon and Allart, Romain and Doyon, Ren{\'{e}} and Donati, Jean-Fran{\c{c}}ois and Fouqu{\'{e}}, Pascal and Moutou, Claire and Cadieux, Charles and Delfosse, Xavier and H{\'{e}}brard, Guillaume and Martins, Jorge H. C. and Martioli, Eder and Vandal, Thomas},
        doi = {10.3847/1538-3881/ac0428},
        journal = {The Astronomical Journal},
        mendeley-groups = {a_Thesis: to read},
        month = {may},
        number = {2},
        pages = {73},
        publisher = {American Astronomical Society},
        title = {{Where is the Water? Jupiter-like C/H ratio but strong H$_2$O depletion found on $\tau$ Bo\"otis b using SPIRou}},
        url = {http://arxiv.org/abs/2105.10513 http://dx.doi.org/10.3847/1538-3881/ac0428},
        volume = {162},
        year = {2021}
        }

@ARTICLE{pelletier2023,
       author = {{Pelletier}, Stefan and {Benneke}, Bj{\"o}rn and {Ali-Dib}, Mohamad and {Prinoth}, Bibiana and {Kasper}, David and {Seifahrt}, Andreas and {Bean}, Jacob L. and {Debras}, Florian and {Klein}, Baptiste and {Bazinet}, Luc and {Hoeijmakers}, H. Jens and {Kesseli}, Aurora Y. and {Lim}, Olivia and {Carmona}, Andres and {Pino}, Lorenzo and {Casasayas-Barris}, N{\'u}ria and {Hood}, Thea and {St{\"u}rmer}, Julian},
        title = "{Vanadium oxide and a sharp onset of cold-trapping on a giant exoplanet}",
      journal = {\nat},
     keywords = {Astrophysics - Earth and Planetary Astrophysics},
         year = 2023,
        month = jul,
       volume = {619},
       number = {7970},
        pages = {491-494},
          doi = {10.1038/s41586-023-06134-0},
archivePrefix = {arXiv},
       eprint = {2306.08739},
 primaryClass = {astro-ph.EP},
       adsurl = {https://ui.adsabs.harvard.edu/abs/2023Natur.619..491P},
      adsnote = {Provided by the SAO/NASA Astrophysics Data System}
}


%%%%%%%%%%%%%%%%% ESPRESSO
@ARTICLE{pepe2021,
       author = {{Pepe}, F. and {Cristiani}, S. and {Rebolo}, R. and {Santos}, N.~C. and {Dekker}, H. and {Cabral}, A. and {Di Marcantonio}, P. and {Figueira}, P. and {Lo Curto}, G. and {Lovis}, C. and {Mayor}, M. and {M{\'e}gevand}, D. and {Molaro}, P. and {Riva}, M. and {Zapatero Osorio}, M.~R. and {Amate}, M. and {Manescau}, A. and {Pasquini}, L. and {Zerbi}, F.~M. and {Adibekyan}, V. and {Abreu}, M. and {Affolter}, M. and {Alibert}, Y. and {Aliverti}, M. and {Allart}, R. and {Allende Prieto}, C. and {{\'A}lvarez}, D. and {Alves}, D. and {Avila}, G. and {Baldini}, V. and {Bandy}, T. and {Barros}, S.~C.~C. and {Benz}, W. and {Bianco}, A. and {Borsa}, F. and {Bourrier}, V. and {Bouchy}, F. and {Broeg}, C. and {Calderone}, G. and {Cirami}, R. and {Coelho}, J. and {Conconi}, P. and {Coretti}, I. and {Cumani}, C. and {Cupani}, G. and {D'Odorico}, V. and {Damasso}, M. and {Deiries}, S. and {Delabre}, B. and {Demangeon}, O.~D.~S. and {Dumusque}, X. and {Ehrenreich}, D. and {Faria}, J.~P. and {Fragoso}, A. and {Genolet}, L. and {Genoni}, M. and {G{\'e}nova Santos}, R. and {Gonz{\'a}lez Hern{\'a}ndez}, J.~I. and {Hughes}, I. and {Iwert}, O. and {Kerber}, F. and {Knudstrup}, J. and {Landoni}, M. and {Lavie}, B. and {Lillo-Box}, J. and {Lizon}, J. -L. and {Maire}, C. and {Martins}, C.~J.~A.~P. and {Mehner}, A. and {Micela}, G. and {Modigliani}, A. and {Monteiro}, M.~A. and {Monteiro}, M.~J.~P.~F.~G. and {Moschetti}, M. and {Murphy}, M.~T. and {Nunes}, N. and {Oggioni}, L. and {Oliveira}, A. and {Oshagh}, M. and {Pall{\'e}}, E. and {Pariani}, G. and {Poretti}, E. and {Rasilla}, J.~L. and {Rebord{\~a}o}, J. and {Redaelli}, E.~M. and {Santana Tschudi}, S. and {Santin}, P. and {Santos}, P. and {S{\'e}gransan}, D. and {Schmidt}, T.~M. and {Segovia}, A. and {Sosnowska}, D. and {Sozzetti}, A. and {Sousa}, S.~G. and {Span{\`o}}, P. and {Su{\'a}rez Mascare{\~n}o}, A. and {Tabernero}, H. and {Tenegi}, F. and {Udry}, S. and {Zanutta}, A.},
        title = "{ESPRESSO at VLT. On-sky performance and first results}",
      journal = {\aap},
     keywords = {techniques: radial velocities, instrumentation: spectrographs, planets and satellites: atmospheres, planets and satellites: detection, cosmology: miscellaneous, asteroseismology, Astrophysics - Instrumentation and Methods for Astrophysics, Astrophysics - Earth and Planetary Astrophysics},
         year = 2021,
        month = jan,
       volume = {645},
          eid = {A96},
        pages = {A96},
          doi = {10.1051/0004-6361/202038306},
archivePrefix = {arXiv},
       eprint = {2010.00316},
 primaryClass = {astro-ph.IM},
       adsurl = {https://ui.adsabs.harvard.edu/abs/2021A&A...645A..96P},
      adsnote = {Provided by the SAO/NASA Astrophysics Data System}
}

@ARTICLE{perna2010,
       author = {{Perna}, Rosalba and {Menou}, Kristen and {Rauscher}, Emily},
        title = "{Magnetic Drag on Hot Jupiter Atmospheric Winds}",
      journal = {\apj},
     keywords = {planets and satellites: atmospheres, planets and satellites: individual: HD 209458b, planets and satellites: magnetic fields, Astrophysics - Earth and Planetary Astrophysics},
         year = 2010,
        month = aug,
       volume = {719},
       number = {2},
        pages = {1421-1426},
          doi = {10.1088/0004-637X/719/2/1421},
archivePrefix = {arXiv},
       eprint = {1003.3838},
 primaryClass = {astro-ph.EP},
       adsurl = {https://ui.adsabs.harvard.edu/abs/2010ApJ...719.1421P},
      adsnote = {Provided by the SAO/NASA Astrophysics Data System}
}

@ARTICLE{petz2024,
       author = {{Petz}, Sydney and {Johnson}, Marshall C. and {Asnodkar}, Anusha Pai and {Wang}, Ji and {Gaudi}, B. Scott and {Henning}, Thomas and {Keles}, Engin and {Molaverdikhani}, Karan and {Poppenhaeger}, Katja and {Scandariato}, Gaetano and {Shkolnik}, Evgenya K. and {Sicilia}, Daniela and {Strassmeier}, Klaus G. and {Yan}, Fei},
        title = "{The PEPSI Exoplanet Transit Survey (PETS) - IV. Assessing the atmospheric chemistry of KELT-20b}",
      journal = {\mnras},
     keywords = {exoplanets, planets and satellites: atmospheres, Astrophysics - Earth and Planetary Astrophysics},
         year = 2024,
        month = jan,
       volume = {527},
       number = {3},
        pages = {7079-7092},
          doi = {10.1093/mnras/stad3481},
archivePrefix = {arXiv},
       eprint = {2310.09352},
 primaryClass = {astro-ph.EP},
       adsurl = {https://ui.adsabs.harvard.edu/abs/2024MNRAS.527.7079P},
      adsnote = {Provided by the SAO/NASA Astrophysics Data System}
}


@ARTICLE{pino2020,
       author = {{Pino}, Lorenzo and {D{\'e}sert}, Jean-Michel and {Brogi}, Matteo and {Malavolta}, Luca and {Wyttenbach}, Aur{\'e}lien and {Line}, Michael and {Hoeijmakers}, Jens and {Fossati}, Luca and {Bonomo}, Aldo Stefano and {Nascimbeni}, Valerio and {Panwar}, Vatsal and {Affer}, Laura and {Benatti}, Serena and {Biazzo}, Katia and {Bignamini}, Andrea and {Borsa}, Franscesco and {Carleo}, Ilaria and {Claudi}, Riccardo and {Cosentino}, Rosario and {Covino}, Elvira and {Damasso}, Mario and {Desidera}, Silvano and {Giacobbe}, Paolo and {Harutyunyan}, Avet and {Lanza}, Antonino Francesco and {Leto}, Giuseppe and {Maggio}, Antonio and {Maldonado}, Jesus and {Mancini}, Luigi and {Micela}, Giuseppina and {Molinari}, Emilio and {Pagano}, Isabella and {Piotto}, Giampaolo and {Poretti}, Ennio and {Rainer}, Monica and {Scandariato}, Gaetano and {Sozzetti}, Alessandro and {Allart}, Romain and {Borsato}, Luca and {Bruno}, Giovanni and {Di Fabrizio}, Luca and {Ehrenreich}, David and {Fiorenzano}, Aldo and {Frustagli}, Giuseppe and {Lavie}, Baptiste and {Lovis}, Christophe and {Magazz{\`u}}, Antonio and {Nardiello}, Domenico and {Pedani}, Marco and {Smareglia}, Riccardo},
        title = "{Neutral Iron Emission Lines from the Dayside of KELT-9b: The GAPS Program with HARPS-N at TNG XX}",
      journal = {\apjl},
     keywords = {Exoplanet atmospheres, Exoplanet atmospheric composition, High resolution spectroscopy, 487, 2021, 2096, Astrophysics - Earth and Planetary Astrophysics, Astrophysics - Instrumentation and Methods for Astrophysics, Astrophysics - Solar and Stellar Astrophysics},
         year = 2020,
        month = may,
       volume = {894},
       number = {2},
          eid = {L27},
        pages = {L27},
          doi = {10.3847/2041-8213/ab8c44},
archivePrefix = {arXiv},
       eprint = {2004.11335},
 primaryClass = {astro-ph.EP},
       adsurl = {https://ui.adsabs.harvard.edu/abs/2020ApJ...894L..27P},
      adsnote = {Provided by the SAO/NASA Astrophysics Data System}
}


@ARTICLE{prinoth2022,
       author = {{Prinoth}, Bibiana and {Hoeijmakers}, H. Jens and {Kitzmann}, Daniel and {Sandvik}, Elin and {Seidel}, Julia V. and {Lendl}, Monika and {Borsato}, Nicholas W. and {Thorsbro}, Brian and {Anderson}, David R. and {Barrado}, David and {Kravchenko}, Kateryna and {Allart}, Romain and {Bourrier}, Vincent and {Cegla}, Heather M. and {Ehrenreich}, David and {Fisher}, Chloe and {Lovis}, Christophe and {Guzm{\'a}n-Mesa}, Andrea and {Grimm}, Simon and {Hooton}, Matthew and {Morris}, Brett M. and {Oreshenko}, Maria and {Pino}, Lorenzo and {Heng}, Kevin},
        title = "{Titanium oxide and chemical inhomogeneity in the atmosphere of the exoplanet WASP-189 b}",
      journal = {Nature Astronomy},
     keywords = {Astrophysics - Earth and Planetary Astrophysics},
         year = 2022,
        month = jan,
       volume = {6},
        pages = {449-457},
          doi = {10.1038/s41550-021-01581-z},
archivePrefix = {arXiv},
       eprint = {2111.12732},
 primaryClass = {astro-ph.EP},
       adsurl = {https://ui.adsabs.harvard.edu/abs/2022NatAs...6..449P},
      adsnote = {Provided by the SAO/NASA Astrophysics Data System}
}


@ARTICLE{prinoth2023,
       author = {{Prinoth}, B. and {Hoeijmakers}, H.~J. and {Pelletier}, S. and {Kitzmann}, D. and {Morris}, B.~M. and {Seifahrt}, A. and {Kasper}, D. and {Korhonen}, H.~H. and {Burheim}, M. and {Bean}, J.~L. and {Benneke}, B. and {Borsato}, N.~W. and {Brady}, M. and {Grimm}, S.~L. and {Luque}, R. and {St{\"u}rmer}, J. and {Thorsbro}, B.},
        title = "{Time-resolved transmission spectroscopy of the ultra-hot Jupiter WASP-189 b}",
      journal = {\aap},
     keywords = {planets and satellites: atmospheres, planets and satellites: individual: WASP-189 b, planets and satellites: gaseous planets, techniques: spectroscopic, Astrophysics - Earth and Planetary Astrophysics},
         year = 2023,
        month = oct,
       volume = {678},
          eid = {A182},
        pages = {A182},
          doi = {10.1051/0004-6361/202347262},
archivePrefix = {arXiv},
       eprint = {2308.04523},
 primaryClass = {astro-ph.EP},
       adsurl = {https://ui.adsabs.harvard.edu/abs/2023A&A...678A.182P},
      adsnote = {Provided by the SAO/NASA Astrophysics Data System}
}

@INPROCEEDINGS{quirrenbach2016,
       author = {{Quirrenbach}, A. and {Amado}, P.~J. and {Caballero}, J.~A. and {Mundt}, R. and {Reiners}, A. and {Ribas}, I. and {Seifert}, W. and {Abril}, M. and {Aceituno}, J. and {Alonso-Floriano}, F.~J. and {Anwand-Heerwart}, H. and {Azzaro}, M. and {Bauer}, F. and {Barrado}, D. and {Becerril}, S. and {Bejar}, V.~J.~S. and {Benitez}, D. and {Berdinas}, Z.~M. and {Brinkm{\"o}ller}, M. and {Cardenas}, M.~C. and {Casal}, E. and {Claret}, A. and {Colom{\'e}}, J. and {Cortes-Contreras}, M. and {Czesla}, S. and {Doellinger}, M. and {Dreizler}, S. and {Feiz}, C. and {Fernandez}, M. and {Ferro}, I.~M. and {Fuhrmeister}, B. and {Galadi}, D. and {Gallardo}, I. and {G{\'a}lvez-Ortiz}, M.~C. and {Garcia-Piquer}, A. and {Garrido}, R. and {Gesa}, L. and {G{\'o}mez Galera}, V. and {Gonz{\'a}lez Hern{\'a}ndez}, J.~I. and {Gonzalez Peinado}, R. and {Gr{\"o}zinger}, U. and {Gu{\`a}rdia}, J. and {Guenther}, E.~W. and {de Guindos}, E. and {Hagen}, H. -J. and {Hatzes}, A.~P. and {Hauschildt}, P.~H. and {Helmling}, J. and {Henning}, T. and {Hermann}, D. and {Hern{\'a}ndez Arabi}, R. and {Hern{\'a}ndez Casta{\~n}o}, L. and {Hern{\'a}ndez Hernando}, F. and {Herrero}, E. and {Huber}, A. and {Huber}, K.~F. and {Huke}, P. and {Jeffers}, S.~V. and {de Juan}, E. and {Kaminski}, A. and {Kehr}, M. and {Kim}, M. and {Klein}, R. and {Kl{\"u}ter}, J. and {K{\"u}rster}, M. and {Lafarga}, M. and {Lara}, L.~M. and {Lamert}, A. and {Laun}, W. and {Launhardt}, R. and {Lemke}, U. and {Lenzen}, R. and {Llamas}, M. and {Lopez del Fresno}, M. and {L{\'o}pez-Puertas}, M. and {L{\'o}pez-Santiago}, J. and {Lopez Salas}, J.~F. and {Magan Madinabeitia}, H. and {Mall}, U. and {Mandel}, H. and {Mancini}, L. and {Marin Molina}, J.~A. and {Maroto Fern{\'a}ndez}, D. and {Mart{\'\i}n}, E.~L. and {Mart{\'\i}n-Ruiz}, S. and {Marvin}, C. and {Mathar}, R.~J. and {Mirabet}, E. and {Montes}, D. and {Morales}, J.~C. and {Morales Mu{\~n}oz}, R. and {Nagel}, E. and {Naranjo}, V. and {Nowak}, G. and {Palle}, E. and {Panduro}, J. and {Passegger}, V.~M. and {Pavlov}, A. and {Pedraz}, S. and {Perez}, E. and {P{\'e}rez-Medialdea}, D. and {Perger}, M. and {Pluto}, M. and {Ram{\'o}n}, A. and {Rebolo}, R. and {Redondo}, P. and {Reffert}, S. and {Reinhart}, S. and {Rhode}, P. and {Rix}, H. -W. and {Rodler}, F. and {Rodr{\'\i}guez}, E. and {Rodr{\'\i}guez L{\'o}pez}, C. and {Rohloff}, R.~R. and {Rosich}, A. and {Sanchez Carrasco}, M.~A. and {Sanz-Forcada}, J. and {Sarkis}, P. and {Sarmiento}, L.~F. and {Sch{\"a}fer}, S. and {Schiller}, J. and {Schmidt}, C. and {Schmitt}, J.~H.~M.~M. and {Sch{\"o}fer}, P. and {Schweitzer}, A. and {Shulyak}, D. and {Solano}, E. and {Stahl}, O. and {Storz}, C. and {Tabernero}, H.~M. and {Tala}, M. and {Tal-Or}, L. and {Ulbrich}, R. -G. and {Veredas}, G. and {Vico Linares}, J.~I. and {Vilardell}, F. and {Wagner}, K. and {Winkler}, J. and {Zapatero Osorio}, M. -R. and {Zechmeister}, M. and {Ammler-von Eiff}, M. and {Anglada-Escud{\'e}}, G. and {del Burgo}, C. and {Garcia-Vargas}, M.~L. and {Klutsch}, A. and {Lizon}, J. -L. and {Lopez-Morales}, M. and {Ofir}, A. and {P{\'e}rez-Calpena}, A. and {Perryman}, M.~A.~C. and {S{\'a}nchez-Blanco}, E. and {Strachan}, J.~B.~P. and {St{\"u}rmer}, J. and {Su{\'a}rez}, J.~C. and {Trifonov}, T. and {Tulloch}, S.~M. and {Xu}, W.},
        title = "{CARMENES: an overview six months after first light}",
    booktitle = {Ground-based and Airborne Instrumentation for Astronomy VI},
         year = 2016,
       editor = {{Evans}, Christopher J. and {Simard}, Luc and {Takami}, Hideki},
       series = {Society of Photo-Optical Instrumentation Engineers (SPIE) Conference Series},
       volume = {9908},
        month = aug,
          eid = {990812},
        pages = {990812},
          doi = {10.1117/12.2231880},
       adsurl = {https://ui.adsabs.harvard.edu/abs/2016SPIE.9908E..12Q},
      adsnote = {Provided by the SAO/NASA Astrophysics Data System}
}

@INPROCEEDINGS{ricker2014,
       author = {{Ricker}, George R. and {Winn}, Joshua N. and {Vanderspek}, Roland and {Latham}, David W. and {Bakos}, G{\'a}sp{\'a}r. {\'A}. and {Bean}, Jacob L. and {Berta-Thompson}, Zachory K. and {Brown}, Timothy M. and {Buchhave}, Lars and {Butler}, Nathaniel R. and {Butler}, R. Paul and {Chaplin}, William J. and {Charbonneau}, David and {Christensen-Dalsgaard}, J{\o}rgen and {Clampin}, Mark and {Deming}, Drake and {Doty}, John and {De Lee}, Nathan and {Dressing}, Courtney and {Dunham}, E.~W. and {Endl}, Michael and {Fressin}, Francois and {Ge}, Jian and {Henning}, Thomas and {Holman}, Matthew J. and {Howard}, Andrew W. and {Ida}, Shigeru and {Jenkins}, Jon and {Jernigan}, Garrett and {Johnson}, John A. and {Kaltenegger}, Lisa and {Kawai}, Nobuyuki and {Kjeldsen}, Hans and {Laughlin}, Gregory and {Levine}, Alan M. and {Lin}, Douglas and {Lissauer}, Jack J. and {MacQueen}, Phillip and {Marcy}, Geoffrey and {McCullough}, P.~R. and {Morton}, Timothy D. and {Narita}, Norio and {Paegert}, Martin and {Palle}, Enric and {Pepe}, Francesco and {Pepper}, Joshua and {Quirrenbach}, Andreas and {Rinehart}, S.~A. and {Sasselov}, Dimitar and {Sato}, Bun'ei and {Seager}, Sara and {Sozzetti}, Alessandro and {Stassun}, Keivan G. and {Sullivan}, Peter and {Szentgyorgyi}, Andrew and {Torres}, Guillermo and {Udry}, Stephane and {Villasenor}, Joel},
        title = "{Transiting Exoplanet Survey Satellite (TESS)}",
     keywords = {Astrophysics - Earth and Planetary Astrophysics, Astrophysics - Solar and Stellar Astrophysics},
    booktitle = {Space Telescopes and Instrumentation 2014: Optical, Infrared, and Millimeter Wave},
         year = 2014,
       editor = {{Oschmann}, Jacobus M., Jr. and {Clampin}, Mark and {Fazio}, Giovanni G. and {MacEwen}, Howard A.},
       series = {Society of Photo-Optical Instrumentation Engineers (SPIE) Conference Series},
       volume = {9143},
        month = aug,
          eid = {914320},
        pages = {914320},
          doi = {10.1117/12.2063489},
archivePrefix = {arXiv},
       eprint = {1406.0151},
 primaryClass = {astro-ph.EP},
       adsurl = {https://ui.adsabs.harvard.edu/abs/2014SPIE.9143E..20R},
      adsnote = {Provided by the SAO/NASA Astrophysics Data System}
}

%% non-detection of Fe II (I think)
@ARTICLE{riddenharper2023,
       author = {{Ridden-Harper}, Andrew and {de Mooij}, Ernst and {Jayawardhana}, Ray and {Gibson}, Neale and {Karjalainen}, Raine and {Karjalainen}, Marie},
        title = "{High-resolution Emission Spectroscopy of the Ultrahot Jupiter KELT-9b: Little Variation in Day- and Nightside Emission Line Contrasts}",
      journal = {\aj},
     keywords = {Exoplanet atmospheres, Planetary atmospheres, Extrasolar gaseous giant planets, Exoplanets, Hot Jupiters, Exoplanet atmospheric composition, 487, 1244, 509, 498, 753, 2021, Astrophysics - Earth and Planetary Astrophysics},
         year = 2023,
        month = may,
       volume = {165},
       number = {5},
          eid = {211},
        pages = {211},
          doi = {10.3847/1538-3881/acc654},
archivePrefix = {arXiv},
       eprint = {2304.03248},
 primaryClass = {astro-ph.EP},
       adsurl = {https://ui.adsabs.harvard.edu/abs/2023AJ....165..211R},
      adsnote = {Provided by the SAO/NASA Astrophysics Data System}
}

%%%%%%%%%%%%%%%%% RM effect
@ARTICLE{rossiter1924,
       author = {{Rossiter}, R.~A.},
        title = "{On the detection of an effect of rotation during eclipse in the velocity of the brigher component of beta Lyrae, and on the constancy of velocity of this system.}",
      journal = {\apj},
         year = 1924,
        month = jul,
       volume = {60},
        pages = {15-21},
          doi = {10.1086/142825},
       adsurl = {https://ui.adsabs.harvard.edu/abs/1924ApJ....60...15R},
      adsnote = {Provided by the SAO/NASA Astrophysics Data System}
}

%%%%%%%%%%%%%%%%% CCF schematic diagram
@PHDTHESIS{roy2017,
       author = {{Roy}, Arpita},
        title = "{Connecting the Pale Blue Dots: Detection \& Characterization of Exoplanets with Extreme Precision Spectroscopy}",
       school = {Pennsylvania State University},
         year = 2017,
        month = aug,
       adsurl = {https://ui.adsabs.harvard.edu/abs/2017PhDT........98R},
      adsnote = {Provided by the SAO/NASA Astrophysics Data System}
}


%%%%%%%%%%%%%%%%%% GCM: vertical advection of potential temperature
@ARTICLE{sainsbury-martinez2023,
       author = {{Sainsbury-Martinez}, Felix and {Tremblin}, Pascal and {Schneider}, Aaron David and {Carone}, Ludmila and {Baraffe}, Isabelle and {Chabrier}, Gilles and {Helling}, Christiane and {Decin}, Leen and {J{\o}rgensen}, Uffe Gr{\r{a}}e},
        title = "{Evidence of radius inflation in radiative GCM models of WASP-76b due to the advection of potential temperature}",
      journal = {\mnras},
     keywords = {Radiation: dynamics, Radiative transfer, Planets and satellites: atmospheres, Planets and satellites: gaseous planets, Astrophysics - Earth and Planetary Astrophysics},
         year = 2023,
        month = sep,
       volume = {524},
       number = {1},
        pages = {1316-1325},
          doi = {10.1093/mnras/stad1905},
archivePrefix = {arXiv},
       eprint = {2306.12352},
 primaryClass = {astro-ph.EP},
       adsurl = {https://ui.adsabs.harvard.edu/abs/2023MNRAS.524.1316S},
      adsnote = {Provided by the SAO/NASA Astrophysics Data System}
}

@ARTICLE{sanchez-lopez2022,
       author = {{S{\'a}nchez-L{\'o}pez}, A. and {Landman}, R. and {Molli{\`e}re}, P. and {Casasayas-Barris}, N. and {Kesseli}, A.~Y. and {Snellen}, I.~A.~G.},
        title = "{Searching for the origin of the Ehrenreich effect in ultra-hot Jupiters. Evidence for strong C/O gradients in the atmosphere of WASP-76 b?}",
      journal = {\aap},
     keywords = {planets and satellites: atmospheres, planets and satellites: gaseous planets, techniques: spectroscopic, planets and satellites: individual: WASP-76 b, infrared: planetary systems, Astrophysics - Earth and Planetary Astrophysics},
         year = 2022,
        month = may,
       volume = {661},
          eid = {A78},
        pages = {A78},
          doi = {10.1051/0004-6361/202142591},
archivePrefix = {arXiv},
       eprint = {2202.02041},
 primaryClass = {astro-ph.EP},
       adsurl = {https://ui.adsabs.harvard.edu/abs/2022A&A...661A..78S},
      adsnote = {Provided by the SAO/NASA Astrophysics Data System}
}

@ARTICLE{savel2022,
       author = {{Savel}, Arjun B. and {Kempton}, Eliza M. -R. and {Malik}, Matej and {Komacek}, Thaddeus D. and {Bean}, Jacob L. and {May}, Erin M. and {Stevenson}, Kevin B. and {Mansfield}, Megan and {Rauscher}, Emily},
        title = "{No Umbrella Needed: Confronting the Hypothesis of Iron Rain on WASP-76b with Post-processed General Circulation Models}",
      journal = {\apj},
     keywords = {2021, 1967, 2096, 753, Astrophysics - Earth and Planetary Astrophysics},
         year = 2022,
        month = feb,
       volume = {926},
       number = {1},
          eid = {85},
        pages = {85},
          doi = {10.3847/1538-4357/ac423f},
archivePrefix = {arXiv},
       eprint = {2109.00163},
 primaryClass = {astro-ph.EP},
       adsurl = {https://ui.adsabs.harvard.edu/abs/2022ApJ...926...85S},
      adsnote = {Provided by the SAO/NASA Astrophysics Data System}
}


@ARTICLE{scandariato2023,
       author = {{Scandariato}, G. and {Borsa}, F. and {Bonomo}, A.~S. and {Gaudi}, B.~S. and {Henning}, Th. and {Ilyin}, I. and {Johnson}, M.~C. and {Malavolta}, L. and {Mallonn}, M. and {Molaverdikhani}, K. and {Nascimbeni}, V. and {Patience}, J. and {Pino}, L. and {Poppenhaeger}, K. and {Schlawin}, E. and {Shkolnik}, E.~L. and {Sicilia}, D. and {Sozzetti}, A. and {Strassmeier}, K.~G. and {Veillet}, C. and {Wang}, J. and {Yan}, F.},
        title = "{The PEPSI Exoplanet Transit Survey (PETS). III. The detection of Fe I, Cr I, and Ti I in the atmosphere of MASCARA-1 b through high-resolution emission spectroscopy}",
      journal = {\aap},
     keywords = {techniques: spectroscopic, planets and satellites: composition, planets and satellites: atmospheres, planets and satellites: individual: MASCARA-1 b, Astrophysics - Earth and Planetary Astrophysics},
         year = 2023,
        month = jun,
       volume = {674},
          eid = {A58},
        pages = {A58},
          doi = {10.1051/0004-6361/202245539},
archivePrefix = {arXiv},
       eprint = {2304.03328},
 primaryClass = {astro-ph.EP},
       adsurl = {https://ui.adsabs.harvard.edu/abs/2023A&A...674A..58S},
      adsnote = {Provided by the SAO/NASA Astrophysics Data System}
}

@ARTICLE{schneider2022,
       author = {{Schneider}, Aaron David and {Carone}, Ludmila and {Decin}, Leen and {J{\o}rgensen}, Uffe Gr{\r{a}}e and {Helling}, Christiane},
        title = "{No evidence for radius inflation in hot Jupiters from vertical advection of heat}",
      journal = {\aap},
     keywords = {radiation: dynamics, radiative transfer, scattering, planets and satellites: atmospheres, planets and satellites: gaseous planets, Astrophysics - Earth and Planetary Astrophysics},
         year = 2022,
        month = oct,
       volume = {666},
          eid = {L11},
        pages = {L11},
          doi = {10.1051/0004-6361/202244797},
archivePrefix = {arXiv},
       eprint = {2210.01466},
 primaryClass = {astro-ph.EP},
       adsurl = {https://ui.adsabs.harvard.edu/abs/2022A&A...666L..11S},
      adsnote = {Provided by the SAO/NASA Astrophysics Data System}
}

@ARTICLE{schwieterman2018,
       author = {{Schwieterman}, Edward W. and {Kiang}, Nancy Y. and {Parenteau}, Mary N. and {Harman}, Chester E. and {DasSarma}, Shiladitya and {Fisher}, Theresa M. and {Arney}, Giada N. and {Hartnett}, Hilairy E. and {Reinhard}, Christopher T. and {Olson}, Stephanie L. and {Meadows}, Victoria S. and {Cockell}, Charles S. and {Walker}, Sara I. and {Grenfell}, John Lee and {Hegde}, Siddharth and {Rugheimer}, Sarah and {Hu}, Renyu and {Lyons}, Timothy W.},
        title = "{Exoplanet Biosignatures: A Review of Remotely Detectable Signs of Life}",
      journal = {Astrobiology},
     keywords = {Review Articles, Earth Science, Astrophysics - Earth and Planetary Astrophysics},
         year = 2018,
        month = jun,
       volume = {18},
       number = {6},
        pages = {663-708},
          doi = {10.1089/ast.2017.1729},
archivePrefix = {arXiv},
       eprint = {1705.05791},
 primaryClass = {astro-ph.EP},
       adsurl = {https://ui.adsabs.harvard.edu/abs/2018AsBio..18..663S},
      adsnote = {Provided by the SAO/NASA Astrophysics Data System}
}


@ARTICLE{seager2000,
       author = {{Seager}, S. and {Sasselov}, D.~D.},
        title = "{Theoretical Transmission Spectra during Extrasolar Giant Planet Transits}",
      journal = {\apj},
     keywords = {Stars: Planetary Systems, Radiative Transfer, Stars: Atmospheres, Astrophysics},
         year = 2000,
        month = jul,
       volume = {537},
       number = {2},
        pages = {916-921},
          doi = {10.1086/309088},
archivePrefix = {arXiv},
       eprint = {astro-ph/9912241},
 primaryClass = {astro-ph},
       adsurl = {https://ui.adsabs.harvard.edu/abs/2000ApJ...537..916S},
      adsnote = {Provided by the SAO/NASA Astrophysics Data System}
}

@ARTICLE{seidel2019,
       author = {{Seidel}, J.~V. and {Ehrenreich}, D. and {Wyttenbach}, A. and {Allart}, R. and {Lendl}, M. and {Pino}, L. and {Bourrier}, V. and {Cegla}, H.~M. and {Lovis}, C. and {Barrado}, D. and {Bayliss}, D. and {Astudillo-Defru}, N. and {Deline}, A. and {Fisher}, C. and {Heng}, K. and {Joseph}, R. and {Lavie}, B. and {Melo}, C. and {Pepe}, F. and {S{\'e}gransan}, D. and {Udry}, S.},
        title = "{Hot Exoplanet Atmospheres Resolved with Transit Spectroscopy (HEARTS). II. A broadened sodium feature on the ultra-hot giant WASP-76b}",
      journal = {\aap},
     keywords = {planets and satellites: atmospheres, planets and satellites: individual: WASP-76b, techniques: spectroscopic, instrumentation: spectrographs, methods: observational, planetary systems, Astrophysics - Earth and Planetary Astrophysics},
         year = 2019,
        month = mar,
       volume = {623},
          eid = {A166},
        pages = {A166},
          doi = {10.1051/0004-6361/201834776},
archivePrefix = {arXiv},
       eprint = {1902.00001},
 primaryClass = {astro-ph.EP},
       adsurl = {https://ui.adsabs.harvard.edu/abs/2019A&A...623A.166S},
      adsnote = {Provided by the SAO/NASA Astrophysics Data System}
}

@ARTICLE{seidel2020,
       author = {{Seidel}, J.~V. and {Ehrenreich}, D. and {Pino}, L. and {Bourrier}, V. and {Lavie}, B. and {Allart}, R. and {Wyttenbach}, A. and {Lovis}, C.},
        title = "{Wind of change: retrieving exoplanet atmospheric winds from high-resolution spectroscopy}",
      journal = {\aap},
     keywords = {planets and satellites: atmospheres, planets and satellites: individual: HD 189733b, techniques: spectroscopic, line: profiles, methods: data analysis, Astrophysics - Earth and Planetary Astrophysics},
         year = 2020,
        month = jan,
       volume = {633},
          eid = {A86},
        pages = {A86},
          doi = {10.1051/0004-6361/201936892},
archivePrefix = {arXiv},
       eprint = {1912.02787},
 primaryClass = {astro-ph.EP},
       adsurl = {https://ui.adsabs.harvard.edu/abs/2020A&A...633A..86S},
      adsnote = {Provided by the SAO/NASA Astrophysics Data System}
}


@ARTICLE{seidel2021,
       author = {{Seidel}, J.~V. and {Ehrenreich}, D. and {Allart}, R. and {Hoeijmakers}, H.~J. and {Lovis}, C. and {Bourrier}, V. and {Pino}, L. and {Wyttenbach}, A. and {Adibekyan}, V. and {Alibert}, Y. and {Borsa}, F. and {Casasayas-Barris}, N. and {Cristiani}, S. and {Demangeon}, O.~D.~S. and {Di Marcantonio}, P. and {Figueira}, P. and {Gonz{\'a}lez Hern{\'a}ndez}, J.~I. and {Lillo-Box}, J. and {Martins}, C.~J.~A.~P. and {Mehner}, A. and {Molaro}, P. and {Nunes}, N.~J. and {Palle}, E. and {Pepe}, F. and {Santos}, N.~C. and {Sousa}, S.~G. and {Sozzetti}, A. and {Tabernero}, H.~M. and {Zapatero Osorio}, M.~R.},
        title = "{Into the storm: diving into the winds of the ultra-hot Jupiter WASP-76 b with HARPS and ESPRESSO}",
      journal = {\aap},
     keywords = {planets and satellites: atmospheres, planets and satellites: individual: WASP-76 b, techniques: spectroscopic, line: profiles, methods: data analysis, Astrophysics - Earth and Planetary Astrophysics},
         year = 2021,
        month = sep,
       volume = {653},
          eid = {A73},
        pages = {A73},
          doi = {10.1051/0004-6361/202140569},
archivePrefix = {arXiv},
       eprint = {2107.09530},
 primaryClass = {astro-ph.EP},
       adsurl = {https://ui.adsabs.harvard.edu/abs/2021A&A...653A..73S},
      adsnote = {Provided by the SAO/NASA Astrophysics Data System}
}

@ARTICLE{seidel2023,
       author = {{Seidel}, J.~V. and {Borsa}, F. and {Pino}, L. and {Ehrenreich}, D. and {Stangret}, M. and {Zapatero Osorio}, M.~R. and {Palle}, E. and {Alibert}, Y. and {Allart}, R. and {Bourrier}, V. and {Di Marcantonio}, P. and {Figueira}, P. and {Gonz{\'a}lez Hern{\'a}ndez}, J.~I. and {Lillo-Box}, J. and {Lovis}, C. and {Martins}, C.~J.~A.~P. and {Mehner}, A. and {Molaro}, P. and {Nunes}, N.~J. and {Pepe}, F. and {Santos}, N.~C. and {Sozzetti}, A.},
        title = "{Detection of a high-velocity sodium feature on the ultra-hot Jupiter WASP-121 b}",
      journal = {\aap},
     keywords = {planets and satellites: atmospheres, planets and satellites: individual: WASP-121 b, techniques: spectroscopic, methods: data analysis, line: profiles, Astrophysics - Earth and Planetary Astrophysics, Astrophysics - Solar and Stellar Astrophysics},
         year = 2023,
        month = may,
       volume = {673},
          eid = {A125},
        pages = {A125},
          doi = {10.1051/0004-6361/202245800},
archivePrefix = {arXiv},
       eprint = {2303.09376},
 primaryClass = {astro-ph.EP},
       adsurl = {https://ui.adsabs.harvard.edu/abs/2023A&A...673A.125S},
      adsnote = {Provided by the SAO/NASA Astrophysics Data System}
}


@ARTICLE{silva2022,
       author = {{Silva}, A.~M. and {Faria}, J.~P. and {Santos}, N.~C. and {Sousa}, S.~G. and {Viana}, P.~T.~P. and {Martins}, J.~H.~C. and {Figueira}, P. and {Lovis}, C. and {Pepe}, F. and {Cristiani}, S. and {Rebolo}, R. and {Allart}, R. and {Cabral}, A. and {Mehner}, A. and {Sozzetti}, A. and {Su{\'a}rez Mascare{\~n}o}, A. and {Martins}, C.~J.~A.~P. and {Ehrenreich}, D. and {M{\'e}gevand}, D. and {Palle}, E. and {Lo Curto}, G. and {Tabernero}, H.~M. and {Lillo-Box}, J. and {Gonz{\'a}lez Hern{\'a}ndez}, J.~I. and {Zapatero Osorio}, M.~R. and {Hara}, N.~C. and {Nunes}, N.~J. and {Di Marcantonio}, P. and {Udry}, S. and {Adibekyan}, V. and {Dumusque}, X.},
        title = "{A novel framework for semi-Bayesian radial velocities through template matching}",
      journal = {\aap},
     keywords = {techniques: radial velocities, techniques: spectroscopic, planets and satellites: detection, methods: data analysis, planets and satellites: terrestrial planets, methods: statistical, Astrophysics - Earth and Planetary Astrophysics, Astrophysics - Instrumentation and Methods for Astrophysics, Astrophysics - Solar and Stellar Astrophysics},
         year = 2022,
        month = jul,
       volume = {663},
          eid = {A143},
        pages = {A143},
          doi = {10.1051/0004-6361/202142262},
archivePrefix = {arXiv},
       eprint = {2205.00067},
 primaryClass = {astro-ph.EP},
       adsurl = {https://ui.adsabs.harvard.edu/abs/2022A&A...663A.143S},
      adsnote = {Provided by the SAO/NASA Astrophysics Data System}
}

@ARTICLE{sing2016,
       author = {{Sing}, David K. and {Fortney}, Jonathan J. and {Nikolov}, Nikolay and {Wakeford}, Hannah R. and {Kataria}, Tiffany and {Evans}, Thomas M. and {Aigrain}, Suzanne and {Ballester}, Gilda E. and {Burrows}, Adam S. and {Deming}, Drake and {D{\'e}sert}, Jean-Michel and {Gibson}, Neale P. and {Henry}, Gregory W. and {Huitson}, Catherine M. and {Knutson}, Heather A. and {Lecavelier Des Etangs}, Alain and {Pont}, Frederic and {Showman}, Adam P. and {Vidal-Madjar}, Alfred and {Williamson}, Michael H. and {Wilson}, Paul A.},
        title = "{A continuum from clear to cloudy hot-Jupiter exoplanets without primordial water depletion}",
      journal = {\nat},
     keywords = {Astrophysics - Earth and Planetary Astrophysics},
         year = 2016,
        month = jan,
       volume = {529},
       number = {7584},
        pages = {59-62},
          doi = {10.1038/nature16068},
archivePrefix = {arXiv},
       eprint = {1512.04341},
 primaryClass = {astro-ph.EP},
       adsurl = {https://ui.adsabs.harvard.edu/abs/2016Natur.529...59S},
      adsnote = {Provided by the SAO/NASA Astrophysics Data System}
}

%%%%%%%%%%%%%%%%% Molecfit I
@ARTICLE{smette2015,
       author = {{Smette}, A. and {Sana}, H. and {Noll}, S. and {Horst}, H. and {Kausch}, W. and {Kimeswenger}, S. and {Barden}, M. and {Szyszka}, C. and {Jones}, A.~M. and {Gallenne}, A. and {Vinther}, J. and {Ballester}, P. and {Taylor}, J.},
        title = "{Molecfit: A general tool for telluric absorption correction. I. Method and application to ESO instruments}",
      journal = {\aap},
     keywords = {radiative transfer, atmospheric effects, instrumentation: spectrographs, methods: observational, methods: data analysis, techniques: spectroscopic, Astrophysics - Instrumentation and Methods for Astrophysics},
         year = 2015,
        month = apr,
       volume = {576},
          eid = {A77},
        pages = {A77},
          doi = {10.1051/0004-6361/201423932},
archivePrefix = {arXiv},
       eprint = {1501.07239},
 primaryClass = {astro-ph.IM},
       adsurl = {https://ui.adsabs.harvard.edu/abs/2015A&A...576A..77S},
      adsnote = {Provided by the SAO/NASA Astrophysics Data System}
}

%%%%%%%%%%%%%%%%% first detection of molecule in exoplanet atmosphere
@ARTICLE{snellen2010,
       author = {{Snellen}, Ignas A.~G. and {de Kok}, Remco J. and {de Mooij}, Ernst J.~W. and {Albrecht}, Simon},
        title = "{The orbital motion, absolute mass and high-altitude winds of exoplanet HD209458b}",
      journal = {\nat},
     keywords = {Astrophysics - Earth and Planetary Astrophysics},
         year = 2010,
        month = jun,
       volume = {465},
       number = {7301},
        pages = {1049-1051},
          doi = {10.1038/nature09111},
archivePrefix = {arXiv},
       eprint = {1006.4364},
 primaryClass = {astro-ph.EP},
       adsurl = {https://ui.adsabs.harvard.edu/abs/2010Natur.465.1049S},
      adsnote = {Provided by the SAO/NASA Astrophysics Data System}
}

%%% Gaia DR2
@ARTICLE{soubiran2018,
       author = {{Soubiran}, C. and {Jasniewicz}, G. and {Chemin}, L. and {Zurbach}, C. and {Brouillet}, N. and {Panuzzo}, P. and {Sartoretti}, P. and {Katz}, D. and {Le Campion}, J. -F. and {Marchal}, O. and {Hestroffer}, D. and {Th{\'e}venin}, F. and {Crifo}, F. and {Udry}, S. and {Cropper}, M. and {Seabroke}, G. and {Viala}, Y. and {Benson}, K. and {Blomme}, R. and {Jean-Antoine}, A. and {Huckle}, H. and {Smith}, M. and {Baker}, S.~G. and {Damerdji}, Y. and {Dolding}, C. and {Fr{\'e}mat}, Y. and {Gosset}, E. and {Guerrier}, A. and {Guy}, L.~P. and {Haigron}, R. and {Jan{\ss}en}, K. and {Plum}, G. and {Fabre}, C. and {Lasne}, Y. and {Pailler}, F. and {Panem}, C. and {Riclet}, F. and {Royer}, F. and {Tauran}, G. and {Zwitter}, T. and {Gueguen}, A. and {Turon}, C.},
        title = "{Gaia Data Release 2. The catalogue of radial velocity standard stars}",
      journal = {\aap},
     keywords = {catalogs - standards - techniques: radial velocities - stars: kinematics and dynamics, Astrophysics - Astrophysics of Galaxies, Astrophysics - Solar and Stellar Astrophysics},
         year = 2018,
        month = aug,
       volume = {616},
          eid = {A7},
        pages = {A7},
          doi = {10.1051/0004-6361/201832795},
archivePrefix = {arXiv},
       eprint = {1804.09370},
 primaryClass = {astro-ph.GA},
       adsurl = {https://ui.adsabs.harvard.edu/abs/2018A&A...616A...7S},
      adsnote = {Provided by the SAO/NASA Astrophysics Data System}
}

%%%%%%% binary follow-up
@ARTICLE{southward2020,
       author = {{Southworth}, J. and {Bohn}, A.~J. and {Kenworthy}, M.~A. and {Ginski}, C. and {Mancini}, L.},
        title = "{A multiplicity study of transiting exoplanet host stars. II. Revised properties of transiting planetary systems with companions}",
      journal = {\aap},
     keywords = {planetary systems, stars: fundamental parameters, techniques: high angular resolution, binaries: visual, Astrophysics - Earth and Planetary Astrophysics, Astrophysics - Solar and Stellar Astrophysics},
         year = 2020,
        month = mar,
       volume = {635},
          eid = {A74},
        pages = {A74},
          doi = {10.1051/0004-6361/201937334},
archivePrefix = {arXiv},
       eprint = {2001.08225},
 primaryClass = {astro-ph.EP},
       adsurl = {https://ui.adsabs.harvard.edu/abs/2020A&A...635A..74S},
      adsnote = {Provided by the SAO/NASA Astrophysics Data System}
}

@ARTICLE{tabernero2021,
       author = {{Tabernero}, H.~M. and {Zapatero Osorio}, M.~R. and {Allart}, R. and {Borsa}, F. and {Casasayas-Barris}, N. and {Demangeon}, O. and {Ehrenreich}, D. and {Lillo-Box}, J. and {Lovis}, C. and {Pall{\'e}}, E. and {Sousa}, S.~G. and {Rebolo}, R. and {Santos}, N.~C. and {Pepe}, F. and {Cristiani}, S. and {Adibekyan}, V. and {Allende Prieto}, C. and {Alibert}, Y. and {Barros}, S.~C.~C. and {Bouchy}, F. and {Bourrier}, V. and {D'Odorico}, V. and {Dumusque}, X. and {Faria}, J.~P. and {Figueira}, P. and {G{\'e}nova Santos}, R. and {Gonz{\'a}lez Hern{\'a}ndez}, J.~I. and {Hojjatpanah}, S. and {Lo Curto}, G. and {Lavie}, B. and {Martins}, C.~J.~A.~P. and {Martins}, J.~H.~C. and {Mehner}, A. and {Micela}, G. and {Molaro}, P. and {Nunes}, N.~J. and {Poretti}, E. and {Seidel}, J.~V. and {Sozzetti}, A. and {Su{\'a}rez Mascare{\~n}o}, A. and {Udry}, S. and {Aliverti}, M. and {Affolter}, M. and {Alves}, D. and {Amate}, M. and {Avila}, G. and {Bandy}, T. and {Benz}, W. and {Bianco}, A. and {Broeg}, C. and {Cabral}, A. and {Conconi}, P. and {Coelho}, J. and {Cumani}, C. and {Deiries}, S. and {Dekker}, H. and {Delabre}, B. and {Fragoso}, A. and {Genoni}, M. and {Genolet}, L. and {Hughes}, I. and {Knudstrup}, J. and {Kerber}, F. and {Landoni}, M. and {Lizon}, J.~L. and {Maire}, C. and {Manescau}, A. and {Di Marcantonio}, P. and {M{\'e}gevand}, D. and {Monteiro}, M. and {Monteiro}, M. and {Moschetti}, M. and {Mueller}, E. and {Modigliani}, A. and {Oggioni}, L. and {Oliveira}, A. and {Pariani}, G. and {Pasquini}, L. and {Rasilla}, J.~L. and {Redaelli}, E. and {Riva}, M. and {Santana-Tschudi}, S. and {Santin}, P. and {Santos}, P. and {Segovia}, A. and {Sosnowska}, D. and {Span{\`o}}, P. and {Tenegi}, F. and {Iwert}, O. and {Zanutta}, A. and {Zerbi}, F.},
        title = "{ESPRESSO high-resolution transmission spectroscopy of WASP-76 b}",
      journal = {\aap},
     keywords = {planets and satellites: atmospheres, planets and satellites: individual: WASP-76b, Astrophysics - Earth and Planetary Astrophysics, Astrophysics - Solar and Stellar Astrophysics},
         year = 2021,
        month = feb,
       volume = {646},
          eid = {A158},
        pages = {A158},
          doi = {10.1051/0004-6361/202039511},
archivePrefix = {arXiv},
       eprint = {2011.12197},
 primaryClass = {astro-ph.EP},
       adsurl = {https://ui.adsabs.harvard.edu/abs/2021A&A...646A.158T},
      adsnote = {Provided by the SAO/NASA Astrophysics Data System}
}

%%%%%%%%%%%%%%%%%% intro: detections
@ARTICLE{tsiaras2018,
       author = {{Tsiaras}, A. and {Waldmann}, I.~P. and {Zingales}, T. and {Rocchetto}, M. and {Morello}, G. and {Damiano}, M. and {Karpouzas}, K. and {Tinetti}, G. and {McKemmish}, L.~K. and {Tennyson}, J. and {Yurchenko}, S.~N.},
        title = "{A Population Study of Gaseous Exoplanets}",
      journal = {\aj},
     keywords = {methods: data analysis, methods: statistical, planets and satellites: atmospheres, Astrophysics - Earth and Planetary Astrophysics},
         year = 2018,
        month = apr,
       volume = {155},
       number = {4},
          eid = {156},
        pages = {156},
          doi = {10.3847/1538-3881/aaaf75},
archivePrefix = {arXiv},
       eprint = {1704.05413},
 primaryClass = {astro-ph.EP},
       adsurl = {https://ui.adsabs.harvard.edu/abs/2018AJ....155..156T},
      adsnote = {Provided by the SAO/NASA Astrophysics Data System}
}

%%%%%%%%%%%%%%%%% methods for telluric correction
@PHDTHESIS{ulmer-moll2020,
       author = {{Ulmer-Moll}, Sol{\`e}ne Chlo{\'e}},
        title = "{Atmospheric correction for high-resolution near-infrared spectroscopy}",
       school = {University of Porto, Portugal},
         year = 2020,
        month = may,
       adsurl = {https://ui.adsabs.harvard.edu/abs/2020PhDT.........1U},
      adsnote = {Provided by the SAO/NASA Astrophysics Data System}
}

@ARTICLE{valentecorreia2022,
       author = {{Valente}, Ema F.~S. and {Correia}, Alexandre C.~M.},
        title = "{Tidal excitation of the obliquity of Earth-like planets in the habitable zone of M-dwarf stars}",
      journal = {\aap},
     keywords = {planet-star interactions, planets and satellites: dynamical evolution and stability, planets and satellites: terrestrial planets, celestial mechanics, astrobiology, Astrophysics - Earth and Planetary Astrophysics},
         year = 2022,
        month = sep,
       volume = {665},
          eid = {A130},
        pages = {A130},
          doi = {10.1051/0004-6361/202244010},
archivePrefix = {arXiv},
       eprint = {2307.08770},
 primaryClass = {astro-ph.EP},
       adsurl = {https://ui.adsabs.harvard.edu/abs/2022A&A...665A.130V},
      adsnote = {Provided by the SAO/NASA Astrophysics Data System}
}

@ARTICLE{vidal-madjar2003,
       author = {{Vidal-Madjar}, A. and {Lecavelier des Etangs}, A. and {D{\'e}sert}, J. -M. and {Ballester}, G.~E. and {Ferlet}, R. and {H{\'e}brard}, G. and {Mayor}, M.},
        title = "{An extended upper atmosphere around the extrasolar planet HD209458b}",
      journal = {\nat},
         year = 2003,
        month = mar,
       volume = {422},
       number = {6928},
        pages = {143-146},
          doi = {10.1038/nature01448},
       adsurl = {https://ui.adsabs.harvard.edu/abs/2003Natur.422..143V},
      adsnote = {Provided by the SAO/NASA Astrophysics Data System}
}

@ARTICLE{vonessen2020,
       author = {{von Essen}, C. and {Mallonn}, M. and {Hermansen}, S. and {Nixon}, M.~C. and {Madhusudhan}, N. and {Kjeldsen}, H. and {Tautvai{\v{s}}ien{\.{e}}}, G.},
        title = "{HST/STIS transmission spectrum of the ultra-hot Jupiter WASP-76 b confirms the presence of sodium in its atmosphere}",
      journal = {\aap},
     keywords = {planetary systems, stars: individual: WASP-76, methods: observational, planets and satellites: atmospheres, Astrophysics - Earth and Planetary Astrophysics, Astrophysics - Solar and Stellar Astrophysics},
         year = 2020,
        month = may,
       volume = {637},
          eid = {A76},
        pages = {A76},
          doi = {10.1051/0004-6361/201937169},
archivePrefix = {arXiv},
       eprint = {2003.06424},
 primaryClass = {astro-ph.EP},
       adsurl = {https://ui.adsabs.harvard.edu/abs/2020A&A...637A..76V},
      adsnote = {Provided by the SAO/NASA Astrophysics Data System}
}

@ARTICLE{wardenier2021,
       author = {{Wardenier}, Joost P. and {Parmentier}, Vivien and {Lee}, Elspeth K.~H. and {Line}, Michael R. and {Gharib-Nezhad}, Ehsan},
        title = "{Decomposing the iron cross-correlation signal of the ultra-hot Jupiter WASP-76b in transmission using 3D Monte Carlo radiative transfer}",
      journal = {\mnras},
     keywords = {radiative transfer, methods: numerical, planets and satellites: individual: WASP-76b, Astrophysics - Earth and Planetary Astrophysics},
         year = 2021,
        month = sep,
       volume = {506},
       number = {1},
        pages = {1258-1283},
          doi = {10.1093/mnras/stab1797},
archivePrefix = {arXiv},
       eprint = {2105.11034},
 primaryClass = {astro-ph.EP},
       adsurl = {https://ui.adsabs.harvard.edu/abs/2021MNRAS.506.1258W},
      adsnote = {Provided by the SAO/NASA Astrophysics Data System}
}

@ARTICLE{wardenier2023,
       author = {{Wardenier}, Joost P. and {Parmentier}, Vivien and {Line}, Michael R. and {Lee}, Elspeth K.~H.},
        title = "{Modelling the effect of 3D temperature and chemistry on the cross-correlation signal of transiting ultra-hot Jupiters: a study of five chemical species on WASP-76b}",
      journal = {\mnras},
     keywords = {radiative transfer, methods: numerical, planets and satellites: atmospheres, planets and satellites: gaseous planets, Astrophysics - Earth and Planetary Astrophysics},
         year = 2023,
        month = nov,
       volume = {525},
       number = {4},
        pages = {4942-4961},
          doi = {10.1093/mnras/stad2586},
archivePrefix = {arXiv},
       eprint = {2307.04931},
 primaryClass = {astro-ph.EP},
       adsurl = {https://ui.adsabs.harvard.edu/abs/2023MNRAS.525.4942W},
      adsnote = {Provided by the SAO/NASA Astrophysics Data System}
}

%%%%%%%%%%%%%%%%% discovery paper
@ARTICLE{west2016,
       author = {{West}, R.~G. and {Hellier}, C. and {Almenara}, J. -M. and {Anderson}, D.~R. and {Barros}, S.~C.~C. and {Bouchy}, F. and {Brown}, D.~J.~A. and {Collier Cameron}, A. and {Deleuil}, M. and {Delrez}, L. and {Doyle}, A.~P. and {Faedi}, F. and {Fumel}, A. and {Gillon}, M. and {G{\'o}mez Maqueo Chew}, Y. and {H{\'e}brard}, G. and {Jehin}, E. and {Lendl}, M. and {Maxted}, P.~F.~L. and {Pepe}, F. and {Pollacco}, D. and {Queloz}, D. and {S{\'e}gransan}, D. and {Smalley}, B. and {Smith}, A.~M.~S. and {Southworth}, J. and {Triaud}, A.~H.~M.~J. and {Udry}, S.},
        title = "{Three irradiated and bloated hot Jupiters:. WASP-76b, WASP-82b, and WASP-90b}",
      journal = {\aap},
     keywords = {planetary systems, stars: individual: WASP-76, stars: individual: WASP-82, stars: individual: WASP-90, Astrophysics - Earth and Planetary Astrophysics},
         year = 2016,
        month = jan,
       volume = {585},
          eid = {A126},
        pages = {A126},
          doi = {10.1051/0004-6361/201527276},
archivePrefix = {arXiv},
       eprint = {1310.5607},
 primaryClass = {astro-ph.EP},
       adsurl = {https://ui.adsabs.harvard.edu/abs/2016A&A...585A.126W},
      adsnote = {Provided by the SAO/NASA Astrophysics Data System}
}

%%%%%%%%%%%%%%%%% NIRPS
@INPROCEEDINGS{wildi2017,
       author = {{Wildi}, F. and {Blind}, N. and {Reshetov}, V. and {Hernandez}, O. and {Genolet}, L. and {Conod}, U. and {Sordet}, M. and {Segovilla}, A. and {Rasilla}, J.~L. and {Brousseau}, D. and {Thibault}, S. and {Delabre}, B. and {Bandy}, T. and {Sarajlic}, M. and {Cabral}, A. and {Bovay}, S. and {Vall{\'e}e}, Ph. and {Bouchy}, F. and {Doyon}, R. and {Artigau}, E. and {Pepe}, F. and {Hagelberg}, J. and {Melo}, C. and {Delfosse}, X. and {Figueira}, P. and {Santos}, N.~C. and {Gonz{\'a}lez Hern{\'a}ndez}, J.~I. and {de Medeiros}, J.~R. and {Rebolo}, R. and {Broeg}, Ch. and {Benz}, W. and {Boisse}, I. and {Malo}, L. and {K{\"a}ufl}, U. and {Saddlemyer}, L.},
        title = "{NIRPS: an adaptive-optics assisted radial velocity spectrograph to chase exoplanets around M-stars}",
    booktitle = {Society of Photo-Optical Instrumentation Engineers (SPIE) Conference Series},
         year = 2017,
       series = {Society of Photo-Optical Instrumentation Engineers (SPIE) Conference Series},
       volume = {10400},
        month = sep,
          eid = {1040018},
        pages = {1040018},
          doi = {10.1117/12.2275660},
       adsurl = {https://ui.adsabs.harvard.edu/abs/2017SPIE10400E..18W},
      adsnote = {Provided by the SAO/NASA Astrophysics Data System}
}

%%%%%%% binary companion discovery
@ARTICLE{wollert2015,
       author = {{W{\"o}llert}, Maria and {Brandner}, Wolfgang},
        title = "{A Lucky Imaging search for stellar sources near 74 transit hosts}",
      journal = {\aap},
     keywords = {techniques: high angular resolution, binaries: visual, planetary systems, Astrophysics - Solar and Stellar Astrophysics},
         year = 2015,
        month = jul,
       volume = {579},
          eid = {A129},
        pages = {A129},
          doi = {10.1051/0004-6361/201526525},
archivePrefix = {arXiv},
       eprint = {1506.05456},
 primaryClass = {astro-ph.SR},
       adsurl = {https://ui.adsabs.harvard.edu/abs/2015A&A...579A.129W},
      adsnote = {Provided by the SAO/NASA Astrophysics Data System}
}

%%%%%%%%%%%%%%%%% UHJ low albedo measurement
@ARTICLE{wong2021,
       author = {{Wong}, Ian and {Kitzmann}, Daniel and {Shporer}, Avi and {Heng}, Kevin and {Fetherolf}, Tara and {Benneke}, Bj{\"o}rn and {Daylan}, Tansu and {Kane}, Stephen R. and {Vanderspek}, Roland and {Seager}, Sara and {Winn}, Joshua N. and {Jenkins}, Jon M. and {Ting}, Eric B.},
        title = "{Visible-light Phase Curves from the Second Year of the TESS Primary Mission}",
      journal = {\aj},
     keywords = {Exoplanet astronomy, 486, Astrophysics - Earth and Planetary Astrophysics},
         year = 2021,
        month = oct,
       volume = {162},
       number = {4},
          eid = {127},
        pages = {127},
          doi = {10.3847/1538-3881/ac0c7d},
archivePrefix = {arXiv},
       eprint = {2106.02610},
 primaryClass = {astro-ph.EP},
       adsurl = {https://ui.adsabs.harvard.edu/abs/2021AJ....162..127W},
      adsnote = {Provided by the SAO/NASA Astrophysics Data System}
}

@ARTICLE{wyttenbach2015,
       author = {{Wyttenbach}, A. and {Ehrenreich}, D. and {Lovis}, C. and {Udry}, S. and {Pepe}, F.},
        title = "{Spectrally resolved detection of sodium in the atmosphere of HD 189733b with the HARPS spectrograph}",
      journal = {\aap},
     keywords = {planets and satellites: atmospheres, planets and satellites: individual: HD 189733b, techniques: spectroscopic, instrumentation: spectrographs, methods: observational, Astrophysics - Earth and Planetary Astrophysics},
         year = 2015,
        month = may,
       volume = {577},
          eid = {A62},
        pages = {A62},
          doi = {10.1051/0004-6361/201525729},
archivePrefix = {arXiv},
       eprint = {1503.05581},
 primaryClass = {astro-ph.EP},
       adsurl = {https://ui.adsabs.harvard.edu/abs/2015A&A...577A..62W},
      adsnote = {Provided by the SAO/NASA Astrophysics Data System}
}


@ARTICLE{yan2020,
       author = {{Yan}, F. and {Pall{\'e}}, E. and {Reiners}, A. and {Molaverdikhani}, K. and {Casasayas-Barris}, N. and {Nortmann}, L. and {Chen}, G. and {Molli{\`e}re}, P. and {Stangret}, M.},
        title = "{A temperature inversion with atomic iron in the ultra-hot dayside atmosphere of WASP-189b}",
      journal = {\aap},
     keywords = {planets and satellites: atmospheres, techniques: spectroscopic, planets and satellites: individual: WASP-189b, Astrophysics - Earth and Planetary Astrophysics},
         year = 2020,
        month = aug,
       volume = {640},
          eid = {L5},
        pages = {L5},
          doi = {10.1051/0004-6361/202038294},
archivePrefix = {arXiv},
       eprint = {2007.02716},
 primaryClass = {astro-ph.EP},
       adsurl = {https://ui.adsabs.harvard.edu/abs/2020A&A...640L...5Y},
      adsnote = {Provided by the SAO/NASA Astrophysics Data System}
}

%%%%%%%%%%%%%%%%%% detection of FeI on dayside of KELT-20b
@ARTICLE{yan2022,
       author = {{Yan}, F. and {Reiners}, A. and {Pall{\'e}}, E. and {Shulyak}, D. and {Stangret}, M. and {Molaverdikhani}, K. and {Nortmann}, L. and {Molli{\`e}re}, P. and {Henning}, Th. and {Casasayas-Barris}, N. and {Cont}, D. and {Chen}, G. and {Czesla}, S. and {S{\'a}nchez-L{\'o}pez}, A. and {L{\'o}pez-Puertas}, M. and {Ribas}, I. and {Quirrenbach}, A. and {Caballero}, J.~A. and {Amado}, P.~J. and {Galad{\'\i}-Enr{\'\i}quez}, D. and {Khalafinejad}, S. and {Lara}, L.~M. and {Montes}, D. and {Morello}, G. and {Nagel}, E. and {Sedaghati}, E. and {Zapatero Osorio}, M.~R. and {Zechmeister}, M.},
        title = "{Detection of iron emission lines and a temperature inversion on the dayside of the ultra-hot Jupiter KELT-20b}",
      journal = {\aap},
     keywords = {planets and satellites: atmospheres, planets and satellites: individual: MASCARA-2b/KELT-20b, techniques: spectroscopic, Astrophysics - Earth and Planetary Astrophysics},
         year = 2022,
        month = mar,
       volume = {659},
          eid = {A7},
        pages = {A7},
          doi = {10.1051/0004-6361/202142395},
archivePrefix = {arXiv},
       eprint = {2201.08759},
 primaryClass = {astro-ph.EP},
       adsurl = {https://ui.adsabs.harvard.edu/abs/2022A&A...659A...7Y},
      adsnote = {Provided by the SAO/NASA Astrophysics Data System}
}


%%%%% also blueshift, also kp-normalisation with st. dev.
@ARTICLE{yan2023,
       author = {{Yan}, F. and {Nortmann}, L. and {Reiners}, A. and {Piskunov}, N. and {Hatzes}, A. and {Seemann}, U. and {Shulyak}, D. and {Lavail}, A. and {Rains}, A.~D. and {Cont}, D. and {Rengel}, M. and {Lesjak}, F. and {Nagel}, E. and {Kochukhov}, O. and {Czesla}, S. and {Boldt-Christmas}, L. and {Heiter}, U. and {Smoker}, J.~V. and {Rodler}, F. and {Bristow}, P. and {Dorn}, R.~J. and {Jung}, Y. and {Marquart}, T. and {Stempels}, E.},
        title = "{CRIRES$^{+}$ detection of CO emissions lines and temperature inversions on the dayside of WASP-18b and WASP-76b}",
      journal = {\aap},
     keywords = {planets and satellites: atmospheres, techniques: spectroscopic, planets and satellites: individual: WASP-18b, planets and satellites: individual: WASP-76b, Astrophysics - Earth and Planetary Astrophysics},
         year = 2023,
        month = apr,
       volume = {672},
          eid = {A107},
        pages = {A107},
          doi = {10.1051/0004-6361/202245371},
archivePrefix = {arXiv},
       eprint = {2302.08736},
 primaryClass = {astro-ph.EP},
       adsurl = {https://ui.adsabs.harvard.edu/abs/2023A&A...672A.107Y},
      adsnote = {Provided by the SAO/NASA Astrophysics Data System}
}

%%%%%%%%%%%%%%%%%% intro: detections
@ARTICLE{zak2019,
       author = {{{\v{Z}}{\'a}k}, Ji{\v{r}}{\'\i} and {Kab{\'a}th}, Petr and {Boffin}, Henri M.~J. and {Ivanov}, Valentin D. and {Skarka}, Marek},
        title = "{High-resolution Transmission Spectroscopy of Four Hot Inflated Gas Giant Exoplanets}",
      journal = {\aj},
     keywords = {planetary systems, planets and satellites: atmospheres, planets and satellites: individual: WASP-76b, WASP-127b, WASP-166b, KELT-11, techniques: spectroscopic, Astrophysics - Earth and Planetary Astrophysics},
         year = 2019,
        month = sep,
       volume = {158},
       number = {3},
          eid = {120},
        pages = {120},
          doi = {10.3847/1538-3881/ab32ec},
archivePrefix = {arXiv},
       eprint = {1907.07267},
 primaryClass = {astro-ph.EP},
       adsurl = {https://ui.adsabs.harvard.edu/abs/2019AJ....158..120Z},
      adsnote = {Provided by the SAO/NASA Astrophysics Data System}
}

@ARTICLE{zhang2020,
       author = {{Zhang}, Michael and {Chachan}, Yayaati and {Kempton}, Eliza M. -R. and {Knutson}, Heather A. and {Chang}, Wenjun (Happy)},
        title = "{PLATON II: New Capabilities and a Comprehensive Retrieval on HD 189733b Transit and Eclipse Data}",
      journal = {\apj},
     keywords = {Exoplanet atmospheres, Exoplanet atmospheric composition, Astronomical models, Transmission spectroscopy, 487, 2021, 86, 2133, Astrophysics - Earth and Planetary Astrophysics, Astrophysics - Instrumentation and Methods for Astrophysics},
         year = 2020,
        month = aug,
       volume = {899},
       number = {1},
          eid = {27},
        pages = {27},
          doi = {10.3847/1538-4357/aba1e6},
archivePrefix = {arXiv},
       eprint = {2004.09513},
 primaryClass = {astro-ph.EP},
       adsurl = {https://ui.adsabs.harvard.edu/abs/2020ApJ...899...27Z},
      adsnote = {Provided by the SAO/NASA Astrophysics Data System}
}
