@ARTICLE{2016A&A...589A..75M,
       author = {{Mazeh}, T. and {Holczer}, T. and {Faigler}, S.},
        title = "{Dearth of short-period Neptunian exoplanets: A desert in period-mass and period-radius planes}",
      journal = {\aap},
     keywords = {planets and satellites: fundamental parameters, planets and satellites: formation, Astrophysics - Earth and Planetary Astrophysics},
         year = 2016,
        month = may,
       volume = {589},
          eid = {A75},
        pages = {A75},
          doi = {10.1051/0004-6361/201528065},
archivePrefix = {arXiv},
       eprint = {1602.07843},
 primaryClass = {astro-ph.EP},
       adsurl = {https://ui.adsabs.harvard.edu/abs/2016A&A...589A..75M},
      adsnote = {Provided by the SAO/NASA Astrophysics Data System}
}

@ARTICLE{2013PASP..125..989A,
       author = {{Akeson}, R.~L. and {Chen}, X. and {Ciardi}, D. and {Crane}, M. and {Good}, J. and {Harbut}, M. and {Jackson}, E. and {Kane}, S.~R. and {Laity}, A.~C. and {Leifer}, S. and {Lynn}, M. and {McElroy}, D.~L. and {Papin}, M. and {Plavchan}, P. and {Ram{\'\i}rez}, S.~V. and {Rey}, R. and {von Braun}, K. and {Wittman}, M. and {Abajian}, M. and {Ali}, B. and {Beichman}, C. and {Beekley}, A. and {Berriman}, G.~B. and {Berukoff}, S. and {Bryden}, G. and {Chan}, B. and {Groom}, S. and {Lau}, C. and {Payne}, A.~N. and {Regelson}, M. and {Saucedo}, M. and {Schmitz}, M. and {Stauffer}, J. and {Wyatt}, P. and {Zhang}, A.},
        title = "{The NASA Exoplanet Archive: Data and Tools for Exoplanet Research}",
      journal = {\pasp},
     keywords = {Astrophysics - Instrumentation and Methods for Astrophysics, Astrophysics - Earth and Planetary Astrophysics},
         year = 2013,
        month = aug,
       volume = {125},
       number = {930},
        pages = {989},
          doi = {10.1086/672273},
archivePrefix = {arXiv},
       eprint = {1307.2944},
 primaryClass = {astro-ph.IM},
       adsurl = {https://ui.adsabs.harvard.edu/abs/2013PASP..125..989A},
      adsnote = {Provided by the SAO/NASA Astrophysics Data System}
}

@ARTICLE{1995Natur.378..355M,
       author = {{Mayor}, Michel and {Queloz}, Didier},
        title = "{A Jupiter-mass companion to a solar-type star}",
      journal = {\nat},
         year = 1995,
        month = nov,
       volume = {378},
       number = {6555},
        pages = {355-359},
          doi = {10.1038/378355a0},
       adsurl = {https://ui.adsabs.harvard.edu/abs/1995Natur.378..355M},
      adsnote = {Provided by the SAO/NASA Astrophysics Data System}
}

@ARTICLE{1992Natur.355..145W,
       author = {{Wolszczan}, A. and {Frail}, D.~A.},
        title = "{A planetary system around the millisecond pulsar PSR1257 + 12}",
      journal = {\nat},
     keywords = {Binary Stars, Extrasolar Planets, Orbital Mechanics, Planetary Systems, Pulsars, Accretion Disks, Least Squares Method, Neutron Stars, Radio Astronomy, Supernova Remnants, Astrophysics},
         year = 1992,
        month = jan,
       volume = {355},
       number = {6356},
        pages = {145-147},
          doi = {10.1038/355145a0},
       adsurl = {https://ui.adsabs.harvard.edu/abs/1992Natur.355..145W},
      adsnote = {Provided by the SAO/NASA Astrophysics Data System}
}

@ARTICLE{2004ApJ...604..388I,
       author = {{Ida}, S. and {Lin}, D.~N.~C.},
        title = "{Toward a Deterministic Model of Planetary Formation. I. A Desert in the Mass and Semimajor Axis Distributions of Extrasolar Planets}",
      journal = {\apj},
     keywords = {Planets and Satellites: Formation, Solar System: Formation, Stars: Statistics, Astrophysics},
         year = 2004,
        month = mar,
       volume = {604},
       number = {1},
        pages = {388-413},
          doi = {10.1086/381724},
archivePrefix = {arXiv},
       eprint = {astro-ph/0312144},
 primaryClass = {astro-ph},
       adsurl = {https://ui.adsabs.harvard.edu/abs/2004ApJ...604..388I},
      adsnote = {Provided by the SAO/NASA Astrophysics Data System}
}


@ARTICLE{2016ApJ...833..145S,
       author = {{Suzuki}, D. and {Bennett}, D.~P. and {Sumi}, T. and {Bond}, I.~A. and {Rogers}, L.~A. and {Abe}, F. and {Asakura}, Y. and {Bhattacharya}, A. and {Donachie}, M. and {Freeman}, M. and {Fukui}, A. and {Hirao}, Y. and {Itow}, Y. and {Koshimoto}, N. and {Li}, M.~C.~A. and {Ling}, C.~H. and {Masuda}, K. and {Matsubara}, Y. and {Muraki}, Y. and {Nagakane}, M. and {Onishi}, K. and {Oyokawa}, H. and {Rattenbury}, N. and {Saito}, To. and {Sharan}, A. and {Shibai}, H. and {Sullivan}, D.~J. and {Tristram}, P.~J. and {Yonehara}, A. and {MOA Collaboration}},
        title = "{The Exoplanet Mass-ratio Function from the MOA-II Survey: Discovery of a Break and Likely Peak at a Neptune Mass}",
      journal = {\apj},
     keywords = {gravitational lensing: micro, planetary systems, Astrophysics - Earth and Planetary Astrophysics},
         year = 2016,
        month = dec,
       volume = {833},
       number = {2},
          eid = {145},
        pages = {145},
          doi = {10.3847/1538-4357/833/2/145},
archivePrefix = {arXiv},
       eprint = {1612.03939},
 primaryClass = {astro-ph.EP},
       adsurl = {https://ui.adsabs.harvard.edu/abs/2016ApJ...833..145S},
      adsnote = {Provided by the SAO/NASA Astrophysics Data System}
}

@ARTICLE{2011A&A...526A.111M,
       author = {{Mordasini}, C. and {Mayor}, M. and {Udry}, S. and {Lovis}, C. and {S{\'e}gransan}, D. and {Benz}, W. and {Bertaux}, J. -L. and {Bouchy}, F. and {Lo Curto}, G. and {Moutou}, C. and {Naef}, D. and {Pepe}, F. and {Queloz}, D. and {Santos}, N.~C.},
        title = "{The HARPS search for southern extra-solar planets. XXIV. Companions to HD 85390, HD 90156, and HD 103197: a Neptune analog and two intermediate-mass planets}",
      journal = {\aap},
     keywords = {planetary systems, techniques: radial velocities, stars: individual: HD 85390, stars: individual: HD 90156, stars: individual: HD 103197, planetary systems: formation, Astrophysics - Earth and Planetary Astrophysics},
         year = 2011,
        month = feb,
       volume = {526},
          eid = {A111},
        pages = {A111},
          doi = {10.1051/0004-6361/200913521},
archivePrefix = {arXiv},
       eprint = {1010.0856},
 primaryClass = {astro-ph.EP},
       adsurl = {https://ui.adsabs.harvard.edu/abs/2011A&A...526A.111M},
      adsnote = {Provided by the SAO/NASA Astrophysics Data System}
}

@ARTICLE{2016ApJ...829..114B,
       author = {{Batygin}, Konstantin and {Bodenheimer}, Peter H. and {Laughlin}, Gregory P.},
        title = "{In Situ Formation and Dynamical Evolution of Hot Jupiter Systems}",
      journal = {\apj},
     keywords = {planets and satellites: dynamical evolution and stability, planets and satellites: formation, Astrophysics - Earth and Planetary Astrophysics},
         year = 2016,
        month = oct,
       volume = {829},
       number = {2},
          eid = {114},
        pages = {114},
          doi = {10.3847/0004-637X/829/2/114},
archivePrefix = {arXiv},
       eprint = {1511.09157},
 primaryClass = {astro-ph.EP},
       adsurl = {https://ui.adsabs.harvard.edu/abs/2016ApJ...829..114B},
      adsnote = {Provided by the SAO/NASA Astrophysics Data System}
}

@ARTICLE{2014ApJ...795...65J,
       author = {{Jin}, Sheng and {Mordasini}, Christoph and {Parmentier}, Vivien and {van Boekel}, Roy and {Henning}, Thomas and {Ji}, Jianghui},
        title = "{Planetary Population Synthesis Coupled with Atmospheric Escape: A Statistical View of Evaporation}",
      journal = {\apj},
     keywords = {planets and satellites: atmospheres, planets and satellites: interiors, planets and satellites: physical evolution, Astrophysics - Earth and Planetary Astrophysics},
         year = 2014,
        month = nov,
       volume = {795},
       number = {1},
          eid = {65},
        pages = {65},
          doi = {10.1088/0004-637X/795/1/65},
archivePrefix = {arXiv},
       eprint = {1409.2879},
 primaryClass = {astro-ph.EP},
       adsurl = {https://ui.adsabs.harvard.edu/abs/2014ApJ...795...65J},
      adsnote = {Provided by the SAO/NASA Astrophysics Data System}
}

@ARTICLE{2014ApJ...783...54K,
       author = {{Kurokawa}, H. and {Nakamoto}, T.},
        title = "{Mass-loss Evolution of Close-in Exoplanets: Evaporation of Hot Jupiters and the Effect on Population}",
      journal = {\apj},
     keywords = {planets and satellites: atmospheres, planets and satellites: composition, planets and satellites: physical evolution, stars: activity, Astrophysics - Earth and Planetary Astrophysics},
         year = 2014,
        month = mar,
       volume = {783},
       number = {1},
          eid = {54},
        pages = {54},
          doi = {10.1088/0004-637X/783/1/54},
archivePrefix = {arXiv},
       eprint = {1401.2511},
 primaryClass = {astro-ph.EP},
       adsurl = {https://ui.adsabs.harvard.edu/abs/2014ApJ...783...54K},
      adsnote = {Provided by the SAO/NASA Astrophysics Data System}
}

@ARTICLE{2013MNRAS.433.3239K,
       author = {{Kurokawa}, H. and {Kaltenegger}, L.},
        title = "{Atmospheric mass-loss and evolution of short-period exoplanets: the examples of CoRoT-7b and Kepler-10b}",
      journal = {\mnras},
     keywords = {planets and satellites: atmospheres, planets and satellites: composition, planets and satellites: individual: CoRoT-7b, planets and satellites: individual: Kepler-10b, planets and satellites: physical evolution, stars: activity, Astrophysics - Earth and Planetary Astrophysics},
         year = 2013,
        month = aug,
       volume = {433},
       number = {4},
        pages = {3239-3245},
          doi = {10.1093/mnras/stt965},
archivePrefix = {arXiv},
       eprint = {1306.0973},
 primaryClass = {astro-ph.EP},
       adsurl = {https://ui.adsabs.harvard.edu/abs/2013MNRAS.433.3239K},
      adsnote = {Provided by the SAO/NASA Astrophysics Data System}
}

@ARTICLE{2018MNRAS.476.5639I,
       author = {{Ionov}, Dmitry E. and {Pavlyuchenkov}, Yaroslav N. and {Shematovich}, Valery I.},
        title = "{Survival of a planet in short-period Neptunian desert under effect of photoevaporation}",
      journal = {\mnras},
     keywords = {hydrodynamics, planets and satellites: atmospheres, planets and satellites: dynamical evolution and stability, Astrophysics - Earth and Planetary Astrophysics},
         year = 2018,
        month = jun,
       volume = {476},
       number = {4},
        pages = {5639-5644},
          doi = {10.1093/mnras/sty626},
archivePrefix = {arXiv},
       eprint = {1803.04278},
 primaryClass = {astro-ph.EP},
       adsurl = {https://ui.adsabs.harvard.edu/abs/2018MNRAS.476.5639I},
      adsnote = {Provided by the SAO/NASA Astrophysics Data System}
}

@ARTICLE{2018MNRAS.479.5012O,
       author = {{Owen}, James E. and {Lai}, Dong},
        title = "{Photoevaporation and high-eccentricity migration created the sub-Jovian desert}",
      journal = {\mnras},
     keywords = {planets and satellites: dynamical evolution and stability, planets and satellites: formation, Astrophysics - Earth and Planetary Astrophysics},
         year = 2018,
        month = oct,
       volume = {479},
       number = {4},
        pages = {5012-5021},
          doi = {10.1093/mnras/sty1760},
archivePrefix = {arXiv},
       eprint = {1807.00012},
 primaryClass = {astro-ph.EP},
       adsurl = {https://ui.adsabs.harvard.edu/abs/2018MNRAS.479.5012O},
      adsnote = {Provided by the SAO/NASA Astrophysics Data System}
}

@ARTICLE{2016ApJ...820L...8M,
       author = {{Matsakos}, Titos and {K{\"o}nigl}, Arieh},
        title = "{On the Origin of the Sub-Jovian Desert in the Orbital-period-Planetary-mass Plane}",
      journal = {\apjl},
     keywords = {planet{\textendash}star interactions, planets and satellites: dynamical evolution and stability, planets and satellites: general, Astrophysics - Earth and Planetary Astrophysics},
         year = 2016,
        month = mar,
       volume = {820},
       number = {1},
          eid = {L8},
        pages = {L8},
          doi = {10.3847/2041-8205/820/1/L8},
archivePrefix = {arXiv},
       eprint = {1603.00414},
 primaryClass = {astro-ph.EP},
       adsurl = {https://ui.adsabs.harvard.edu/abs/2016ApJ...820L...8M},
      adsnote = {Provided by the SAO/NASA Astrophysics Data System}
}

@ARTICLE{2016ApJ...822...86M,
       author = {{Morton}, Timothy D. and {Bryson}, Stephen T. and {Coughlin}, Jeffrey L. and {Rowe}, Jason F. and {Ravichandran}, Ganesh and {Petigura}, Erik A. and {Haas}, Michael R. and {Batalha}, Natalie M.},
        title = "{False Positive Probabilities for all Kepler Objects of Interest: 1284 Newly Validated Planets and 428 Likely False Positives}",
      journal = {\apj},
     keywords = {methods: statistical, planetary systems, Astrophysics - Earth and Planetary Astrophysics},
         year = 2016,
        month = may,
       volume = {822},
       number = {2},
          eid = {86},
        pages = {86},
          doi = {10.3847/0004-637X/822/2/86},
archivePrefix = {arXiv},
       eprint = {1605.02825},
 primaryClass = {astro-ph.EP},
       adsurl = {https://ui.adsabs.harvard.edu/abs/2016ApJ...822...86M},
      adsnote = {Provided by the SAO/NASA Astrophysics Data System}
}

@ARTICLE{2018AJ....155..136M,
       author = {{Mayo}, Andrew W. and {Vanderburg}, Andrew and {Latham}, David W. and {Bieryla}, Allyson and {Morton}, Timothy D. and {Buchhave}, Lars A. and {Dressing}, Courtney D. and {Beichman}, Charles and {Berlind}, Perry and {Calkins}, Michael L. and {Ciardi}, David R. and {Crossfield}, Ian J.~M. and {Esquerdo}, Gilbert A. and {Everett}, Mark E. and {Gonzales}, Erica J. and {Hirsch}, Lea A. and {Horch}, Elliott P. and {Howard}, Andrew W. and {Howell}, Steve B. and {Livingston}, John and {Patel}, Rahul and {Petigura}, Erik A. and {Schlieder}, Joshua E. and {Scott}, Nicholas J. and {Schumer}, Clea F. and {Sinukoff}, Evan and {Teske}, Johanna and {Winters}, Jennifer G.},
        title = "{275 Candidates and 149 Validated Planets Orbiting Bright Stars in K2 Campaigns 0-10}",
      journal = {\aj},
     keywords = {methods: data analysis, planets and satellites: detection, techniques: photometric, Astrophysics - Earth and Planetary Astrophysics},
         year = 2018,
        month = mar,
       volume = {155},
       number = {3},
          eid = {136},
        pages = {136},
          doi = {10.3847/1538-3881/aaadff},
archivePrefix = {arXiv},
       eprint = {1802.05277},
 primaryClass = {astro-ph.EP},
       adsurl = {https://ui.adsabs.harvard.edu/abs/2018AJ....155..136M},
      adsnote = {Provided by the SAO/NASA Astrophysics Data System}
}

@ARTICLE{2018AJ....156..277L,
       author = {{Livingston}, John H. and {Crossfield}, Ian J.~M. and {Petigura}, Erik A. and {Gonzales}, Erica J. and {Ciardi}, David R. and {Beichman}, Charles A. and {Christiansen}, Jessie L. and {Dressing}, Courtney D. and {Henning}, Thomas and {Howard}, Andrew W. and {Isaacson}, Howard and {Fulton}, Benjamin J. and {Kosiarek}, Molly and {Schlieder}, Joshua E. and {Sinukoff}, Evan and {Tamura}, Motohide},
        title = "{Sixty Validated Planets from K2 Campaigns 5-8}",
      journal = {\aj},
     keywords = {planets and satellites: detection, techniques: photometric, Astrophysics - Earth and Planetary Astrophysics},
         year = 2018,
        month = dec,
       volume = {156},
       number = {6},
          eid = {277},
        pages = {277},
          doi = {10.3847/1538-3881/aae778},
archivePrefix = {arXiv},
       eprint = {1810.04074},
 primaryClass = {astro-ph.EP},
       adsurl = {https://ui.adsabs.harvard.edu/abs/2018AJ....156..277L},
      adsnote = {Provided by the SAO/NASA Astrophysics Data System}
}

@ARTICLE{2018AJ....156...78L,
       author = {{Livingston}, John H. and {Endl}, Michael and {Dai}, Fei and {Cochran}, William D. and {Barragan}, Oscar and {Gandolfi}, Davide and {Hirano}, Teruyuki and {Grziwa}, Sascha and {Smith}, Alexis M.~S. and {Albrecht}, Simon and {Cabrera}, Juan and {Csizmadia}, Szilard and {de Leon}, Jerome P. and {Deeg}, Hans and {Eigm{\"u}ller}, Philipp and {Erikson}, Anders and {Everett}, Mark and {Fridlund}, Malcolm and {Fukui}, Akihiko and {Guenther}, Eike W. and {Hatzes}, Artie P. and {Howell}, Steve and {Korth}, Judith and {Narita}, Norio and {Nespral}, David and {Nowak}, Grzegorz and {Palle}, Enric and {P{\"a}tzold}, Martin and {Persson}, Carina M. and {Prieto-Arranz}, Jorge and {Rauer}, Heike and {Tamura}, Motohide and {Van Eylen}, Vincent and {Winn}, Joshua N.},
        title = "{44 Validated Planets from K2 Campaign 10}",
      journal = {\aj},
     keywords = {planetary systems, planets and satellites: detection, techniques: photometric, techniques: spectroscopic, Astrophysics - Earth and Planetary Astrophysics},
         year = 2018,
        month = aug,
       volume = {156},
       number = {2},
          eid = {78},
        pages = {78},
          doi = {10.3847/1538-3881/aaccde},
archivePrefix = {arXiv},
       eprint = {1806.11504},
 primaryClass = {astro-ph.EP},
       adsurl = {https://ui.adsabs.harvard.edu/abs/2018AJ....156...78L},
      adsnote = {Provided by the SAO/NASA Astrophysics Data System}
}

@ARTICLE{2020MNRAS.499.5416C,
       author = {{Castro Gonz{\'a}lez}, A. and {D{\'\i}ez Alonso}, E. and {Men{\'e}ndez Blanco}, J. and {Livingston}, John H. and {de Leon}, Jerome P. and {Su{\'a}rez G{\'o}mez}, S.~L. and {Gonz{\'a}lez Guti{\'e}rrez}, C. and {Garc{\'\i}a Riesgo}, F. and {Bonavera}, L. and {Iglesias Rodr{\'\i}guez}, F.~J. and {Mu{\~n}iz}, R. and {Everett}, Mark E. and {Scott}, N.~J. and {Howell}, Steve B. and {Ciardi}, David R. and {Gonzales}, Erica J. and {Schlieder}, Joshua E. and {de Cos Juez}, F.~J.},
        title = "{Planetary candidates transiting cool dwarf stars from campaigns 12 to 15 of K2}",
      journal = {\mnras},
     keywords = {methods: data analysis, techniques: photometric, planets and satellites: detection, stars: low mass, techniques: image processing, Astrophysics - Earth and Planetary Astrophysics, Astrophysics - Solar and Stellar Astrophysics},
         year = 2020,
        month = dec,
       volume = {499},
       number = {4},
        pages = {5416-5441},
          doi = {10.1093/mnras/staa2353},
archivePrefix = {arXiv},
       eprint = {2007.12744},
 primaryClass = {astro-ph.EP},
       adsurl = {https://ui.adsabs.harvard.edu/abs/2020MNRAS.499.5416C},
      adsnote = {Provided by the SAO/NASA Astrophysics Data System}
}


@ARTICLE{2022MNRAS.509.1075C,
       author = {{Castro-Gonz{\'a}lez}, A. and {D{\'\i}ez Alonso}, E. and {Men{\'e}ndez Blanco}, J. and {Livingston}, J. and {de Leon}, J.~P. and {Lillo-Box}, J. and {Korth}, J. and {Fern{\'a}ndez Men{\'e}ndez}, S. and {Recio}, J.~M. and {Izquierdo-Ruiz}, F. and {Coya Lozano}, A. and {Garc{\'\i}a de la Cuesta}, F. and {G{\'o}mez Hern{\'a}ndez}, N. and {Vidal Blanco}, J.~R. and {Hevia D{\'\i}az}, R. and {Pardo Silva}, R. and {P{\'e}rez Acevedo}, S. and {Polancos Ruiz}, J. and {Padilla Tijer{\'\i}n}, P. and {V{\'a}zquez Garc{\'\i}a}, D. and {Su{\'a}rez G{\'o}mez}, S.~L. and {Garc{\'\i}a Riesgo}, F. and {Gonz{\'a}lez Guti{\'e}rrez}, C. and {Bonavera}, L. and {Gonz{\'a}lez-Nuevo}, J. and {Rodr{\'\i}guez Pereira}, C. and {S{\'a}nchez Lasheras}, F. and {S{\'a}nchez Rodr{\'\i}guez}, M.~L. and {Mu{\~n}iz}, R. and {Santos Rodr{\'\i}guez}, J.~D. and {de Cos Juez}, F.~J.},
        title = "{The K2-OjOS Project: New and revisited planets and candidates in K2 campaigns 5, 16, \& 18}",
      journal = {\mnras},
     keywords = {techniques: image processing, techniques: photometric, planets and satellites: detection, planets and satellites: fundamental parameters, stars: fundamental parameters, Astrophysics - Earth and Planetary Astrophysics},
         year = 2022,
        month = jan,
       volume = {509},
       number = {1},
        pages = {1075-1095},
          doi = {10.1093/mnras/stab2669},
archivePrefix = {arXiv},
       eprint = {2109.03346},
 primaryClass = {astro-ph.EP},
       adsurl = {https://ui.adsabs.harvard.edu/abs/2022MNRAS.509.1075C},
      adsnote = {Provided by the SAO/NASA Astrophysics Data System}
}


@ARTICLE{2021MNRAS.508..195D,
       author = {{de Leon}, J.~P. and {Livingston}, J. and {Endl}, M. and {Cochran}, W.~D. and {Hirano}, T. and {Garc{\'\i}a}, R.~A. and {Mathur}, S. and {Lam}, K.~W.~F. and {Korth}, J. and {Trani}, A.~A. and {Dai}, F. and {D{\'\i}ez Alonso}, E. and {Castro-Gonz{\'a}lez}, A. and {Fridlund}, M. and {Fukui}, A. and {Gandolfi}, D. and {Kabath}, P. and {Kuzuhara}, M. and {Luque}, R. and {Savel}, A.~B. and {Gill}, H. and {Dressing}, C. and {Giacalone}, S. and {Narita}, N. and {Palle}, E. and {Van Eylen}, V. and {Tamura}, M.},
        title = "{37 new validated planets in overlapping K2 campaigns}",
      journal = {\mnras},
     keywords = {exoplanets, stars: fundamental parameters, planets and satellites: detection, techniques: photometric, methods: data analysis, Astrophysics - Earth and Planetary Astrophysics},
         year = 2021,
        month = nov,
       volume = {508},
       number = {1},
        pages = {195-218},
          doi = {10.1093/mnras/stab2305},
archivePrefix = {arXiv},
       eprint = {2108.05621},
 primaryClass = {astro-ph.EP},
       adsurl = {https://ui.adsabs.harvard.edu/abs/2021MNRAS.508..195D},
      adsnote = {Provided by the SAO/NASA Astrophysics Data System}
}

@ARTICLE{2011arXiv1109.2497M,
       author = {{Mayor}, M. and {Marmier}, M. and {Lovis}, C. and {Udry}, S. and {S{\'e}gransan}, D. and {Pepe}, F. and {Benz}, W. and {Bertaux}, J. -L. and {Bouchy}, F. and {Dumusque}, X. and {Lo Curto}, G. and {Mordasini}, C. and {Queloz}, D. and {Santos}, N.~C.},
        title = "{The HARPS search for southern extra-solar planets XXXIV. Occurrence, mass distribution and orbital properties of super-Earths and Neptune-mass planets}",
      journal = {arXiv e-prints},
     keywords = {Astrophysics - Earth and Planetary Astrophysics, Astrophysics - Solar and Stellar Astrophysics},
         year = 2011,
        month = sep,
          eid = {arXiv:1109.2497},
        pages = {arXiv:1109.2497},
          doi = {10.48550/arXiv.1109.2497},
archivePrefix = {arXiv},
       eprint = {1109.2497},
 primaryClass = {astro-ph.EP},
       adsurl = {https://ui.adsabs.harvard.edu/abs/2011arXiv1109.2497M},
      adsnote = {Provided by the SAO/NASA Astrophysics Data System}
}

@ARTICLE{2012ApJS..201...15H,
       author = {{Howard}, Andrew W. and {Marcy}, Geoffrey W. and {Bryson}, Stephen T. and {Jenkins}, Jon M. and {Rowe}, Jason F. and {Batalha}, Natalie M. and {Borucki}, William J. and {Koch}, David G. and {Dunham}, Edward W. and {Gautier}, Thomas N., III and {Van Cleve}, Jeffrey and {Cochran}, William D. and {Latham}, David W. and {Lissauer}, Jack J. and {Torres}, Guillermo and {Brown}, Timothy M. and {Gilliland}, Ronald L. and {Buchhave}, Lars A. and {Caldwell}, Douglas A. and {Christensen-Dalsgaard}, J{\o}rgen and {Ciardi}, David and {Fressin}, Francois and {Haas}, Michael R. and {Howell}, Steve B. and {Kjeldsen}, Hans and {Seager}, Sara and {Rogers}, Leslie and {Sasselov}, Dimitar D. and {Steffen}, Jason H. and {Basri}, Gibor S. and {Charbonneau}, David and {Christiansen}, Jessie and {Clarke}, Bruce and {Dupree}, Andrea and {Fabrycky}, Daniel C. and {Fischer}, Debra A. and {Ford}, Eric B. and {Fortney}, Jonathan J. and {Tarter}, Jill and {Girouard}, Forrest R. and {Holman}, Matthew J. and {Johnson}, John Asher and {Klaus}, Todd C. and {Machalek}, Pavel and {Moorhead}, Althea V. and {Morehead}, Robert C. and {Ragozzine}, Darin and {Tenenbaum}, Peter and {Twicken}, Joseph D. and {Quinn}, Samuel N. and {Isaacson}, Howard and {Shporer}, Avi and {Lucas}, Philip W. and {Walkowicz}, Lucianne M. and {Welsh}, William F. and {Boss}, Alan and {Devore}, Edna and {Gould}, Alan and {Smith}, Jeffrey C. and {Morris}, Robert L. and {Prsa}, Andrej and {Morton}, Timothy D. and {Still}, Martin and {Thompson}, Susan E. and {Mullally}, Fergal and {Endl}, Michael and {MacQueen}, Phillip J.},
        title = "{Planet Occurrence within 0.25 AU of Solar-type Stars from Kepler}",
      journal = {\apjs},
     keywords = {planetary systems, stars: statistics, techniques: photometric, Astrophysics - Earth and Planetary Astrophysics},
         year = 2012,
        month = aug,
       volume = {201},
       number = {2},
          eid = {15},
        pages = {15},
          doi = {10.1088/0067-0049/201/2/15},
archivePrefix = {arXiv},
       eprint = {1103.2541},
 primaryClass = {astro-ph.EP},
       adsurl = {https://ui.adsabs.harvard.edu/abs/2012ApJS..201...15H},
      adsnote = {Provided by the SAO/NASA Astrophysics Data System}
}

@INPROCEEDINGS{2014SPIE.9143E..20R,
       author = {{Ricker}, George R. and {Winn}, Joshua N. and {Vanderspek}, Roland and {Latham}, David W. and {Bakos}, G{\'a}sp{\'a}r. {\'A}. and {Bean}, Jacob L. and {Berta-Thompson}, Zachory K. and {Brown}, Timothy M. and {Buchhave}, Lars and {Butler}, Nathaniel R. and {Butler}, R. Paul and {Chaplin}, William J. and {Charbonneau}, David and {Christensen-Dalsgaard}, J{\o}rgen and {Clampin}, Mark and {Deming}, Drake and {Doty}, John and {De Lee}, Nathan and {Dressing}, Courtney and {Dunham}, E.~W. and {Endl}, Michael and {Fressin}, Francois and {Ge}, Jian and {Henning}, Thomas and {Holman}, Matthew J. and {Howard}, Andrew W. and {Ida}, Shigeru and {Jenkins}, Jon and {Jernigan}, Garrett and {Johnson}, John A. and {Kaltenegger}, Lisa and {Kawai}, Nobuyuki and {Kjeldsen}, Hans and {Laughlin}, Gregory and {Levine}, Alan M. and {Lin}, Douglas and {Lissauer}, Jack J. and {MacQueen}, Phillip and {Marcy}, Geoffrey and {McCullough}, P.~R. and {Morton}, Timothy D. and {Narita}, Norio and {Paegert}, Martin and {Palle}, Enric and {Pepe}, Francesco and {Pepper}, Joshua and {Quirrenbach}, Andreas and {Rinehart}, S.~A. and {Sasselov}, Dimitar and {Sato}, Bun'ei and {Seager}, Sara and {Sozzetti}, Alessandro and {Stassun}, Keivan G. and {Sullivan}, Peter and {Szentgyorgyi}, Andrew and {Torres}, Guillermo and {Udry}, Stephane and {Villasenor}, Joel},
        title = "{Transiting Exoplanet Survey Satellite (TESS)}",
     keywords = {Astrophysics - Earth and Planetary Astrophysics, Astrophysics - Solar and Stellar Astrophysics},
    booktitle = {Space Telescopes and Instrumentation 2014: Optical, Infrared, and Millimeter Wave},
         year = 2014,
       editor = {{Oschmann}, Jacobus M., Jr. and {Clampin}, Mark and {Fazio}, Giovanni G. and {MacEwen}, Howard A.},
       series = {Society of Photo-Optical Instrumentation Engineers (SPIE) Conference Series},
       volume = {9143},
        month = aug,
          eid = {914320},
        pages = {914320},
          doi = {10.1117/12.2063489},
archivePrefix = {arXiv},
       eprint = {1406.0151},
 primaryClass = {astro-ph.EP},
       adsurl = {https://ui.adsabs.harvard.edu/abs/2014SPIE.9143E..20R},
      adsnote = {Provided by the SAO/NASA Astrophysics Data System}
}

@ARTICLE{1996Icar..124...62P,
       author = {{Pollack}, James B. and {Hubickyj}, Olenka and {Bodenheimer}, Peter and {Lissauer}, Jack J. and {Podolak}, Morris and {Greenzweig}, Yuval},
        title = "{Formation of the Giant Planets by Concurrent Accretion of Solids and Gas}",
      journal = {\icarus},
         year = 1996,
        month = nov,
       volume = {124},
       number = {1},
        pages = {62-85},
          doi = {10.1006/icar.1996.0190},
       adsurl = {https://ui.adsabs.harvard.edu/abs/1996Icar..124...62P},
      adsnote = {Provided by the SAO/NASA Astrophysics Data System}
}

@INPROCEEDINGS{2014prpl.conf..643H,
       author = {{Helled}, R. and {Bodenheimer}, P. and {Podolak}, M. and {Boley}, A. and {Meru}, F. and {Nayakshin}, S. and {Fortney}, J.~J. and {Mayer}, L. and {Alibert}, Y. and {Boss}, A.~P.},
        title = "{Giant Planet Formation, Evolution, and Internal Structure}",
     keywords = {Astrophysics - Earth and Planetary Astrophysics},
    booktitle = {Protostars and Planets VI},
         year = 2014,
       editor = {{Beuther}, Henrik and {Klessen}, Ralf S. and {Dullemond}, Cornelis P. and {Henning}, Thomas},
        month = jan,
        pages = {643-665},
          doi = {10.2458/azu_uapress_9780816531240-ch028},
archivePrefix = {arXiv},
       eprint = {1311.1142},
 primaryClass = {astro-ph.EP},
       adsurl = {https://ui.adsabs.harvard.edu/abs/2014prpl.conf..643H},
      adsnote = {Provided by the SAO/NASA Astrophysics Data System}
}

@ARTICLE{2010Sci...327..977B,
       author = {{Borucki}, William J. and {Koch}, David and {Basri}, Gibor and {Batalha}, Natalie and {Brown}, Timothy and {Caldwell}, Douglas and {Caldwell}, John and {Christensen-Dalsgaard}, J{\o}rgen and {Cochran}, William D. and {DeVore}, Edna and {Dunham}, Edward W. and {Dupree}, Andrea K. and {Gautier}, Thomas N. and {Geary}, John C. and {Gilliland}, Ronald and {Gould}, Alan and {Howell}, Steve B. and {Jenkins}, Jon M. and {Kondo}, Yoji and {Latham}, David W. and {Marcy}, Geoffrey W. and {Meibom}, S{\o}ren and {Kjeldsen}, Hans and {Lissauer}, Jack J. and {Monet}, David G. and {Morrison}, David and {Sasselov}, Dimitar and {Tarter}, Jill and {Boss}, Alan and {Brownlee}, Don and {Owen}, Toby and {Buzasi}, Derek and {Charbonneau}, David and {Doyle}, Laurance and {Fortney}, Jonathan and {Ford}, Eric B. and {Holman}, Matthew J. and {Seager}, Sara and {Steffen}, Jason H. and {Welsh}, William F. and {Rowe}, Jason and {Anderson}, Howard and {Buchhave}, Lars and {Ciardi}, David and {Walkowicz}, Lucianne and {Sherry}, William and {Horch}, Elliott and {Isaacson}, Howard and {Everett}, Mark E. and {Fischer}, Debra and {Torres}, Guillermo and {Johnson}, John Asher and {Endl}, Michael and {MacQueen}, Phillip and {Bryson}, Stephen T. and {Dotson}, Jessie and {Haas}, Michael and {Kolodziejczak}, Jeffrey and {Van Cleve}, Jeffrey and {Chandrasekaran}, Hema and {Twicken}, Joseph D. and {Quintana}, Elisa V. and {Clarke}, Bruce D. and {Allen}, Christopher and {Li}, Jie and {Wu}, Haley and {Tenenbaum}, Peter and {Verner}, Ekaterina and {Bruhweiler}, Frederick and {Barnes}, Jason and {Prsa}, Andrej},
        title = "{Kepler Planet-Detection Mission: Introduction and First Results}",
      journal = {Science},
     keywords = {ASTRONOMY},
         year = 2010,
        month = feb,
       volume = {327},
       number = {5968},
        pages = {977},
          doi = {10.1126/science.1185402},
       adsurl = {https://ui.adsabs.harvard.edu/abs/2010Sci...327..977B},
      adsnote = {Provided by the SAO/NASA Astrophysics Data System}
}

@ARTICLE{2014PASP..126..398H,
       author = {{Howell}, Steve B. and {Sobeck}, Charlie and {Haas}, Michael and {Still}, Martin and {Barclay}, Thomas and {Mullally}, Fergal and {Troeltzsch}, John and {Aigrain}, Suzanne and {Bryson}, Stephen T. and {Caldwell}, Doug and {Chaplin}, William J. and {Cochran}, William D. and {Huber}, Daniel and {Marcy}, Geoffrey W. and {Miglio}, Andrea and {Najita}, Joan R. and {Smith}, Marcie and {Twicken}, J.~D. and {Fortney}, Jonathan J.},
        title = "{The K2 Mission: Characterization and Early Results}",
      journal = {\pasp},
     keywords = {Astrophysics - Instrumentation and Methods for Astrophysics, Astrophysics - Earth and Planetary Astrophysics},
         year = 2014,
        month = apr,
       volume = {126},
       number = {938},
        pages = {398},
          doi = {10.1086/676406},
archivePrefix = {arXiv},
       eprint = {1402.5163},
 primaryClass = {astro-ph.IM},
       adsurl = {https://ui.adsabs.harvard.edu/abs/2014PASP..126..398H},
      adsnote = {Provided by the SAO/NASA Astrophysics Data System}
}

@ARTICLE{2018AJ....155..127H,
       author = {{Hirano}, Teruyuki and {Dai}, Fei and {Gandolfi}, Davide and {Fukui}, Akihiko and {Livingston}, John H. and {Miyakawa}, Kohei and {Endl}, Michael and {Cochran}, William D. and {Alonso-Floriano}, Francisco J. and {Kuzuhara}, Masayuki and {Montes}, David and {Ryu}, Tsuguru and {Albrecht}, Simon and {Barragan}, Oscar and {Cabrera}, Juan and {Csizmadia}, Szilard and {Deeg}, Hans and {Eigm{\"u}ller}, Philipp and {Erikson}, Anders and {Fridlund}, Malcolm and {Grziwa}, Sascha and {Guenther}, Eike W. and {Hatzes}, Artie P. and {Korth}, Judith and {Kudo}, Tomoyuki and {Kusakabe}, Nobuhiko and {Narita}, Norio and {Nespral}, David and {Nowak}, Grzegorz and {P{\"a}tzold}, Martin and {Palle}, Enric and {Persson}, Carina M. and {Prieto-Arranz}, Jorge and {Rauer}, Heike and {Ribas}, Ignasi and {Sato}, Bun'ei and {Smith}, Alexis M.~S. and {Tamura}, Motohide and {Tanaka}, Yusuke and {Van Eylen}, Vincent and {Winn}, Joshua N.},
        title = "{Exoplanets around Low-mass Stars Unveiled by K2}",
      journal = {\aj},
     keywords = {methods: observational, planets and satellites: detection, techniques: high angular resolution, techniques: photometric, techniques: radial velocities, techniques: spectroscopic, Astrophysics - Earth and Planetary Astrophysics, Astrophysics - Solar and Stellar Astrophysics},
         year = 2018,
        month = mar,
       volume = {155},
       number = {3},
          eid = {127},
        pages = {127},
          doi = {10.3847/1538-3881/aaa9c1},
archivePrefix = {arXiv},
       eprint = {1710.03239},
 primaryClass = {astro-ph.EP},
       adsurl = {https://ui.adsabs.harvard.edu/abs/2018AJ....155..127H},
      adsnote = {Provided by the SAO/NASA Astrophysics Data System}
}

@ARTICLE{2017AJ....154..207D,
       author = {{Dressing}, Courtney D. and {Vanderburg}, Andrew and {Schlieder}, Joshua E. and {Crossfield}, Ian J.~M. and {Knutson}, Heather A. and {Newton}, Elisabeth R. and {Ciardi}, David R. and {Fulton}, Benjamin J. and {Gonzales}, Erica J. and {Howard}, Andrew W. and {Isaacson}, Howard and {Livingston}, John and {Petigura}, Erik A. and {Sinukoff}, Evan and {Everett}, Mark and {Horch}, Elliott and {Howell}, Steve B.},
        title = "{Characterizing K2 Candidate Planetary Systems Orbiting Low-mass Stars. II. Planetary Systems Observed During Campaigns 1-7}",
      journal = {\aj},
     keywords = {planetary systems, planets and satellites: fundamental parameters, stars: fundamental parameters, stars: late-type, stars: low-mass, techniques: spectroscopic, Astrophysics - Earth and Planetary Astrophysics, Astrophysics - Solar and Stellar Astrophysics},
         year = 2017,
        month = nov,
       volume = {154},
       number = {5},
          eid = {207},
        pages = {207},
          doi = {10.3847/1538-3881/aa89f2},
archivePrefix = {arXiv},
       eprint = {1703.07416},
 primaryClass = {astro-ph.EP},
       adsurl = {https://ui.adsabs.harvard.edu/abs/2017AJ....154..207D},
      adsnote = {Provided by the SAO/NASA Astrophysics Data System}
}

@ARTICLE{2018AJ....156...22Y,
       author = {{Yu}, Liang and {Crossfield}, Ian J.~M. and {Schlieder}, Joshua E. and {Kosiarek}, Molly R. and {Feinstein}, Adina D. and {Livingston}, John H. and {Howard}, Andrew W. and {Benneke}, Bj{\"o}rn and {Petigura}, Erik A. and {Bristow}, Makennah and {Christiansen}, Jessie L. and {Ciardi}, David R. and {Crepp}, Justin R. and {Dressing}, Courtney D. and {Fulton}, Benjamin J. and {Gonzales}, Erica J. and {Hardegree-Ullman}, Kevin K. and {Henning}, Thomas and {Isaacson}, Howard and {L{\'e}pine}, S{\'e}bastien and {Martinez}, Arturo O. and {Morales}, Farisa Y. and {Sinukoff}, Evan},
        title = "{Planetary Candidates from K2 Campaign 16}",
      journal = {\aj},
     keywords = {methods: data analysis, planets and satellites: detection, techniques: photometric, Astrophysics - Earth and Planetary Astrophysics},
         year = 2018,
        month = jul,
       volume = {156},
       number = {1},
          eid = {22},
        pages = {22},
          doi = {10.3847/1538-3881/aac6e6},
archivePrefix = {arXiv},
       eprint = {1803.04091},
 primaryClass = {astro-ph.EP},
       adsurl = {https://ui.adsabs.harvard.edu/abs/2018AJ....156...22Y},
      adsnote = {Provided by the SAO/NASA Astrophysics Data System}
}

@ARTICLE{2016A&A...594A.100B,
       author = {{Barros}, S.~C.~C. and {Demangeon}, O. and {Deleuil}, M.},
        title = "{New planetary and eclipsing binary candidates from campaigns 1-6 of the K2 mission}",
      journal = {\aap},
     keywords = {planets and satellites: detection, binaries: eclipsing, techniques: photometric, Astrophysics - Earth and Planetary Astrophysics, Astrophysics - Instrumentation and Methods for Astrophysics, Astrophysics - Solar and Stellar Astrophysics},
         year = 2016,
        month = oct,
       volume = {594},
          eid = {A100},
        pages = {A100},
          doi = {10.1051/0004-6361/201628902},
archivePrefix = {arXiv},
       eprint = {1607.02339},
 primaryClass = {astro-ph.EP},
       adsurl = {https://ui.adsabs.harvard.edu/abs/2016A&A...594A.100B},
      adsnote = {Provided by the SAO/NASA Astrophysics Data System}
}


@ARTICLE{2023A&A...675A..52C,
       author = {{Castro-Gonz{\'a}lez}, A. and {Demangeon}, O.~D.~S. and {Lillo-Box}, J. and {Lovis}, C. and {Lavie}, B. and {Adibekyan}, V. and {Acu{\~n}a}, L. and {Deleuil}, M. and {Aguichine}, A. and {Zapatero Osorio}, M.~R. and {Tabernero}, H.~M. and {Davoult}, J. and {Alibert}, Y. and {Santos}, N. and {Sousa}, S.~G. and {Antoniadis-Karnavas}, A. and {Borsa}, F. and {Winn}, J.~N. and {Allende Prieto}, C. and {Figueira}, P. and {Jenkins}, J.~M. and {Sozzetti}, A. and {Damasso}, M. and {Silva}, A.~M. and {Astudillo-Defru}, N. and {Barros}, S.~C.~C. and {Bonfils}, X. and {Cristiani}, S. and {Di Marcantonio}, P. and {Gonz{\'a}lez Hern{\'a}ndez}, J.~I. and {Curto}, G. Lo and {Martins}, C.~J.~A.~P. and {Nunes}, N.~J. and {Palle}, E. and {Pepe}, F. and {Seager}, S. and {Su{\'a}rez Mascare{\~n}o}, A.},
        title = "{An unusually low-density super-Earth transiting the bright early-type M-dwarf GJ 1018 (TOI-244)}",
      journal = {\aap},
     keywords = {planets and satellites: individual: TOI-244 b, planets and satellites: detection, planets and satellites: composition, stars: individual: GJ 1018, techniques: radial velocities, techniques: photometric, Astrophysics - Earth and Planetary Astrophysics},
         year = 2023,
        month = jul,
       volume = {675},
          eid = {A52},
        pages = {A52},
          doi = {10.1051/0004-6361/202346550},
archivePrefix = {arXiv},
       eprint = {2305.04922},
 primaryClass = {astro-ph.EP},
       adsurl = {https://ui.adsabs.harvard.edu/abs/2023A&A...675A..52C},
      adsnote = {Provided by the SAO/NASA Astrophysics Data System}
}

@ARTICLE{2023A&A...677A.182M,
       author = {{Murgas}, F. and {Castro-Gonz{\'a}lez}, A. and {Pall{\'e}}, E. and {Pozuelos}, F.~J. and {Millholland}, S. and {Foo}, O. and {Korth}, J. and {Marfil}, E. and {Amado}, P.~J. and {Caballero}, J.~A. and {Christiansen}, J.~L. and {Ciardi}, D.~R. and {Collins}, K.~A. and {Di Sora}, M. and {Fukui}, A. and {Gan}, T. and {Gonzales}, E.~J. and {Henning}, Th. and {Herrero}, E. and {Isopi}, G. and {Jenkins}, J.~M. and {Lillo-Box}, J. and {Lodieu}, N. and {Luque}, R. and {Mallia}, F. and {Morales}, J.~C. and {Morello}, G. and {Narita}, N. and {Orell-Miquel}, J. and {Parviainen}, H. and {P{\'e}rez-Torres}, M. and {Quirrenbach}, A. and {Reiners}, A. and {Ribas}, I. and {Safonov}, B.~S. and {Seager}, S. and {Schwarz}, R.~P. and {Schweitzer}, A. and {Schlecker}, M. and {Strakhov}, I.~A. and {Vanaverbeke}, S. and {Watanabe}, N. and {Winn}, J.~N. and {Zechmeister}, M.},
        title = "{Two super-Earths at the edge of the habitable zone of the nearby M dwarf TOI-2095}",
      journal = {\aap},
     keywords = {planets and satellites: detection, techniques: photometric, techniques: radial velocities, Astrophysics - Earth and Planetary Astrophysics, Astrophysics - Solar and Stellar Astrophysics},
         year = 2023,
        month = sep,
       volume = {677},
          eid = {A182},
        pages = {A182},
          doi = {10.1051/0004-6361/202346692},
archivePrefix = {arXiv},
       eprint = {2304.09220},
 primaryClass = {astro-ph.EP},
       adsurl = {https://ui.adsabs.harvard.edu/abs/2023A&A...677A.182M},
      adsnote = {Provided by the SAO/NASA Astrophysics Data System}
}

@ARTICLE{2023A&A...679A..33D,
       author = {{Damasso}, M. and {Rodrigues}, J. and {Castro-Gonz{\'a}lez}, A. and {Lavie}, B. and {Davoult}, J. and {Zapatero Osorio}, M.~R. and {Dou}, J. and {Sousa}, S.~G. and {Owen}, J.~E. and {Sossi}, P. and {Adibekyan}, V. and {Osborn}, H. and {Leinhardt}, Z. and {Alibert}, Y. and {Lovis}, C. and {Delgado Mena}, E. and {Sozzetti}, A. and {Barros}, S.~C.~C. and {Bossini}, D. and {Ziegler}, C. and {Ciardi}, D.~R. and {Matthews}, E.~C. and {Carter}, P.~J. and {Lillo-Box}, J. and {Su{\'a}rez Mascare{\~n}o}, A. and {Cristiani}, S. and {Pepe}, F. and {Rebolo}, R. and {Santos}, N.~C. and {Allende Prieto}, C. and {Benatti}, S. and {Bouchy}, F. and {Brice{\~n}o}, C. and {Di Marcantonio}, P. and {D'Odorico}, V. and {Dumusque}, X. and {Egger}, J.~A. and {Ehrenreich}, D. and {Faria}, J. and {Figueira}, P. and {G{\'e}nova Santos}, R. and {Gonzales}, E.~J. and {Gonz{\'a}lez Hern{\'a}ndez}, J.~I. and {Law}, N. and {Lo Curto}, G. and {Mann}, A.~W. and {Martins}, C.~J.~A.~P. and {Mehner}, A. and {Micela}, G. and {Molaro}, P. and {Nunes}, N.~J. and {Palle}, E. and {Poretti}, E. and {Schlieder}, J.~E. and {Udry}, S.},
        title = "{A compact multi-planet system transiting HIP 29442 (TOI-469) discovered by TESS and ESPRESSO. Radial velocities lead to the detection of transits with low signal-to-noise ratio}",
      journal = {\aap},
     keywords = {stars: individual: HIP29442, stars: individual: TOI-469, planetary systems, techniques: photometric, techniques: radial velocities, planets and satellites: interiors, Astrophysics - Earth and Planetary Astrophysics},
         year = 2023,
        month = nov,
       volume = {679},
          eid = {A33},
        pages = {A33},
          doi = {10.1051/0004-6361/202347240},
archivePrefix = {arXiv},
       eprint = {2308.13310},
 primaryClass = {astro-ph.EP},
       adsurl = {https://ui.adsabs.harvard.edu/abs/2023A&A...679A..33D},
      adsnote = {Provided by the SAO/NASA Astrophysics Data System}
}

@ARTICLE{2021A&A...654A..60L,
       author = {{Lillo-Box}, J. and {Faria}, J.~P. and {Su{\'a}rez Mascare{\~n}o}, A. and {Figueira}, P. and {Sousa}, S.~G. and {Tabernero}, H. and {Lovis}, C. and {Silva}, A.~M. and {Demangeon}, O.~D.~S. and {Benatti}, S. and {Santos}, N.~C. and {Mehner}, A. and {Pepe}, F.~A. and {Sozzetti}, A. and {Zapatero Osorio}, M.~R. and {Gonz{\'a}lez Hern{\'a}ndez}, J.~I. and {Micela}, G. and {Hojjatpanah}, S. and {Rebolo}, R. and {Cristiani}, S. and {Adibekyan}, V. and {Allart}, R. and {Allende Prieto}, C. and {Cabral}, A. and {Damasso}, M. and {Di Marcantonio}, P. and {Lo Curto}, G. and {Martins}, C.~J.~A.~P. and {Megevand}, D. and {Molaro}, P. and {Nunes}, N.~J. and {Pall{\'e}}, E. and {Pasquini}, L. and {Poretti}, E. and {Udry}, S.},
        title = "{HD 22496 b: The first ESPRESSO stand-alone planet discovery}",
      journal = {\aap},
     keywords = {planets and satellites: detection, planets and satellites: fundamental parameters, planets and satellites: individual: HD 22496, techniques: radial velocities, Astrophysics - Earth and Planetary Astrophysics, Astrophysics - Instrumentation and Methods for Astrophysics},
         year = 2021,
        month = oct,
       volume = {654},
          eid = {A60},
        pages = {A60},
          doi = {10.1051/0004-6361/202141714},
archivePrefix = {arXiv},
       eprint = {2109.00226},
 primaryClass = {astro-ph.EP},
       adsurl = {https://ui.adsabs.harvard.edu/abs/2021A&A...654A..60L},
      adsnote = {Provided by the SAO/NASA Astrophysics Data System}
}

@ARTICLE{2022MNRAS.511.3571S,
       author = {{Standing}, Matthew R. and {Triaud}, Amaury H.~M.~J. and {Faria}, Jo{\~a}o P. and {Martin}, David V. and {Boisse}, Isabelle and {Correia}, Alexandre C.~M. and {Deleuil}, Magali and {Dransfield}, Georgina and {Gillon}, Micha{\"e}l and {H{\'e}brard}, Guillaume and {Hellier}, Coel and {Kunovac}, Vedad and {Maxted}, Pierre F.~L. and {Mardling}, Rosemary and {Santerne}, Alexandre and {Sairam}, Lalitha and {Udry}, St{\'e}phane},
        title = "{BEBOP II: sensitivity to sub-Saturn circumbinary planets using radial-velocities}",
      journal = {\mnras},
     keywords = {techniques: radial velocities, planets and satellites: detection, binaries: eclipsing, stars: low-mass, Astrophysics - Earth and Planetary Astrophysics, Astrophysics - Instrumentation and Methods for Astrophysics, Astrophysics - Solar and Stellar Astrophysics},
         year = 2022,
        month = apr,
       volume = {511},
       number = {3},
        pages = {3571-3583},
          doi = {10.1093/mnras/stac113},
archivePrefix = {arXiv},
       eprint = {2112.05652},
 primaryClass = {astro-ph.EP},
       adsurl = {https://ui.adsabs.harvard.edu/abs/2022MNRAS.511.3571S},
      adsnote = {Provided by the SAO/NASA Astrophysics Data System}
}

@ARTICLE{2023A&A...670A...5S,
       author = {{Su{\'a}rez Mascare{\~n}o}, A. and {Gonz{\'a}lez-{\'A}lvarez}, E. and {Zapatero Osorio}, M.~R. and {Lillo-Box}, J. and {Faria}, J.~P. and {Passegger}, V.~M. and {Gonz{\'a}lez Hern{\'a}ndez}, J.~I. and {Figueira}, P. and {Sozzetti}, A. and {Rebolo}, R. and {Pepe}, F. and {Santos}, N.~C. and {Cristiani}, S. and {Lovis}, C. and {Silva}, A.~M. and {Ribas}, I. and {Amado}, P.~J. and {Caballero}, J.~A. and {Quirrenbach}, A. and {Reiners}, A. and {Zechmeister}, M. and {Adibekyan}, V. and {Alibert}, Y. and {B{\'e}jar}, V.~J.~S. and {Benatti}, S. and {D'Odorico}, V. and {Damasso}, M. and {Delisle}, J. -B. and {Di Marcantonio}, P. and {Dreizler}, S. and {Ehrenreich}, D. and {Hatzes}, A.~P. and {Hara}, N.~C. and {Henning}, Th. and {Kaminski}, A. and {L{\'o}pez-Gonz{\'a}lez}, M.~J. and {Martins}, C.~J.~A.~P. and {Micela}, G. and {Montes}, D. and {Pall{\'e}}, E. and {Pedraz}, S. and {Rodr{\'\i}guez}, E. and {Rodr{\'\i}guez-L{\'o}pez}, C. and {Tal-Or}, L. and {Sousa}, S. and {Udry}, S.},
        title = "{Two temperate Earth-mass planets orbiting the nearby star GJ 1002}",
      journal = {\aap},
     keywords = {techniques: spectroscopic, techniques: radial velocities, planets and satellites: terrestrial planets, stars: activity, stars: low-mass, stars: individual: GJ 1002, Astrophysics - Earth and Planetary Astrophysics, Astrophysics - Solar and Stellar Astrophysics},
         year = 2023,
        month = feb,
       volume = {670},
          eid = {A5},
        pages = {A5},
          doi = {10.1051/0004-6361/202244991},
archivePrefix = {arXiv},
       eprint = {2212.07332},
 primaryClass = {astro-ph.EP},
       adsurl = {https://ui.adsabs.harvard.edu/abs/2023A&A...670A...5S},
      adsnote = {Provided by the SAO/NASA Astrophysics Data System}
}

@ARTICLE{2015ApJ...807...45D,
       author = {{Dressing}, Courtney D. and {Charbonneau}, David},
        title = "{The Occurrence of Potentially Habitable Planets Orbiting M Dwarfs Estimated from the Full Kepler Dataset and an Empirical Measurement of the Detection Sensitivity}",
      journal = {\apj},
     keywords = {catalogs, methods: data analysis, planetary systems, stars: low-mass, surveys, techniques: photometric, Astrophysics - Earth and Planetary Astrophysics, Astrophysics - Solar and Stellar Astrophysics},
         year = 2015,
        month = jul,
       volume = {807},
       number = {1},
          eid = {45},
        pages = {45},
          doi = {10.1088/0004-637X/807/1/45},
archivePrefix = {arXiv},
       eprint = {1501.01623},
 primaryClass = {astro-ph.EP},
       adsurl = {https://ui.adsabs.harvard.edu/abs/2015ApJ...807...45D},
      adsnote = {Provided by the SAO/NASA Astrophysics Data System}
}

@ARTICLE{2013ApJS..204...24B,
       author = {{Batalha}, Natalie M. and {Rowe}, Jason F. and {Bryson}, Stephen T. and {Barclay}, Thomas and {Burke}, Christopher J. and {Caldwell}, Douglas A. and {Christiansen}, Jessie L. and {Mullally}, Fergal and {Thompson}, Susan E. and {Brown}, Timothy M. and {Dupree}, Andrea K. and {Fabrycky}, Daniel C. and {Ford}, Eric B. and {Fortney}, Jonathan J. and {Gilliland}, Ronald L. and {Isaacson}, Howard and {Latham}, David W. and {Marcy}, Geoffrey W. and {Quinn}, Samuel N. and {Ragozzine}, Darin and {Shporer}, Avi and {Borucki}, William J. and {Ciardi}, David R. and {Gautier}, Thomas N., III and {Haas}, Michael R. and {Jenkins}, Jon M. and {Koch}, David G. and {Lissauer}, Jack J. and {Rapin}, William and {Basri}, Gibor S. and {Boss}, Alan P. and {Buchhave}, Lars A. and {Carter}, Joshua A. and {Charbonneau}, David and {Christensen-Dalsgaard}, Joergen and {Clarke}, Bruce D. and {Cochran}, William D. and {Demory}, Brice-Olivier and {Desert}, Jean-Michel and {Devore}, Edna and {Doyle}, Laurance R. and {Esquerdo}, Gilbert A. and {Everett}, Mark and {Fressin}, Francois and {Geary}, John C. and {Girouard}, Forrest R. and {Gould}, Alan and {Hall}, Jennifer R. and {Holman}, Matthew J. and {Howard}, Andrew W. and {Howell}, Steve B. and {Ibrahim}, Khadeejah A. and {Kinemuchi}, Karen and {Kjeldsen}, Hans and {Klaus}, Todd C. and {Li}, Jie and {Lucas}, Philip W. and {Meibom}, S{\o}ren and {Morris}, Robert L. and {Pr{\v{s}}a}, Andrej and {Quintana}, Elisa and {Sanderfer}, Dwight T. and {Sasselov}, Dimitar and {Seader}, Shawn E. and {Smith}, Jeffrey C. and {Steffen}, Jason H. and {Still}, Martin and {Stumpe}, Martin C. and {Tarter}, Jill C. and {Tenenbaum}, Peter and {Torres}, Guillermo and {Twicken}, Joseph D. and {Uddin}, Kamal and {Van Cleve}, Jeffrey and {Walkowicz}, Lucianne and {Welsh}, William F.},
        title = "{Planetary Candidates Observed by Kepler. III. Analysis of the First 16 Months of Data}",
      journal = {\apjs},
     keywords = {catalogs, eclipses, planetary systems, space vehicles, techniques: photometric, Astrophysics - Earth and Planetary Astrophysics},
         year = 2013,
        month = feb,
       volume = {204},
       number = {2},
          eid = {24},
        pages = {24},
          doi = {10.1088/0067-0049/204/2/24},
archivePrefix = {arXiv},
       eprint = {1202.5852},
 primaryClass = {astro-ph.EP},
       adsurl = {https://ui.adsabs.harvard.edu/abs/2013ApJS..204...24B},
      adsnote = {Provided by the SAO/NASA Astrophysics Data System}
}

@ARTICLE{2020AJ....159..248K,
       author = {{Kunimoto}, Michelle and {Matthews}, Jaymie M.},
        title = "{Searching the Entirety of Kepler Data. II. Occurrence Rate Estimates for FGK Stars}",
      journal = {\aj},
     keywords = {Exoplanets, Habitable planets, Exoplanet catalogs, Transit photometry, Bayesian statistics, Astrostatistics, 498, 695, 488, 1709, 1900, 1882, Astrophysics - Earth and Planetary Astrophysics, Astrophysics - Solar and Stellar Astrophysics},
         year = 2020,
        month = jun,
       volume = {159},
       number = {6},
          eid = {248},
        pages = {248},
          doi = {10.3847/1538-3881/ab88b0},
archivePrefix = {arXiv},
       eprint = {2004.05296},
 primaryClass = {astro-ph.EP},
       adsurl = {https://ui.adsabs.harvard.edu/abs/2020AJ....159..248K},
      adsnote = {Provided by the SAO/NASA Astrophysics Data System}
}

@ARTICLE{2021AJ....161...36B,
       author = {{Bryson}, Steve and {Kunimoto}, Michelle and {Kopparapu}, Ravi K. and {Coughlin}, Jeffrey L. and {Borucki}, William J. and {Koch}, David and {Aguirre}, Victor Silva and {Allen}, Christopher and {Barentsen}, Geert and {Batalha}, Natalie M. and {Berger}, Travis and {Boss}, Alan and {Buchhave}, Lars A. and {Burke}, Christopher J. and {Caldwell}, Douglas A. and {Campbell}, Jennifer R. and {Catanzarite}, Joseph and {Chandrasekaran}, Hema and {Chaplin}, William J. and {Christiansen}, Jessie L. and {Christensen-Dalsgaard}, J{\o}rgen and {Ciardi}, David R. and {Clarke}, Bruce D. and {Cochran}, William D. and {Dotson}, Jessie L. and {Doyle}, Laurance R. and {Duarte}, Eduardo Seperuelo and {Dunham}, Edward W. and {Dupree}, Andrea K. and {Endl}, Michael and {Fanson}, James L. and {Ford}, Eric B. and {Fujieh}, Maura and {Gautier}, Thomas N., III and {Geary}, John C. and {Gilliland}, Ronald L. and {Girouard}, Forrest R. and {Gould}, Alan and {Haas}, Michael R. and {Henze}, Christopher E. and {Holman}, Matthew J. and {Howard}, Andrew W. and {Howell}, Steve B. and {Huber}, Daniel and {Hunter}, Roger C. and {Jenkins}, Jon M. and {Kjeldsen}, Hans and {Kolodziejczak}, Jeffery and {Larson}, Kipp and {Latham}, David W. and {Li}, Jie and {Mathur}, Savita and {Meibom}, S{\o}ren and {Middour}, Chris and {Morris}, Robert L. and {Morton}, Timothy D. and {Mullally}, Fergal and {Mullally}, Susan E. and {Pletcher}, David and {Prsa}, Andrej and {Quinn}, Samuel N. and {Quintana}, Elisa V. and {Ragozzine}, Darin and {Ramirez}, Solange V. and {Sanderfer}, Dwight T. and {Sasselov}, Dimitar and {Seader}, Shawn E. and {Shabram}, Megan and {Shporer}, Avi and {Smith}, Jeffrey C. and {Steffen}, Jason H. and {Still}, Martin and {Torres}, Guillermo and {Troeltzsch}, John and {Twicken}, Joseph D. and {Uddin}, Akm Kamal and {Van Cleve}, Jeffrey E. and {Voss}, Janice and {Weiss}, Lauren M. and {Welsh}, William F. and {Wohler}, Bill and {Zamudio}, Khadeejah A.},
        title = "{The Occurrence of Rocky Habitable-zone Planets around Solar-like Stars from Kepler Data}",
      journal = {\aj},
     keywords = {Exoplanets, 498, Astrophysics - Earth and Planetary Astrophysics, Astrophysics - Solar and Stellar Astrophysics},
         year = 2021,
        month = jan,
       volume = {161},
       number = {1},
          eid = {36},
        pages = {36},
          doi = {10.3847/1538-3881/abc418},
archivePrefix = {arXiv},
       eprint = {2010.14812},
 primaryClass = {astro-ph.EP},
       adsurl = {https://ui.adsabs.harvard.edu/abs/2021AJ....161...36B},
      adsnote = {Provided by the SAO/NASA Astrophysics Data System}
}

@ARTICLE{2010ApJ...713L..87J,
       author = {{Jenkins}, Jon M. and {Caldwell}, Douglas A. and {Chandrasekaran}, Hema and {Twicken}, Joseph D. and {Bryson}, Stephen T. and {Quintana}, Elisa V. and {Clarke}, Bruce D. and {Li}, Jie and {Allen}, Christopher and {Tenenbaum}, Peter and {Wu}, Hayley and {Klaus}, Todd C. and {Middour}, Christopher K. and {Cote}, Miles T. and {McCauliff}, Sean and {Girouard}, Forrest R. and {Gunter}, Jay P. and {Wohler}, Bill and {Sommers}, Jeneen and {Hall}, Jennifer R. and {Uddin}, AKM K. and {Wu}, Michael S. and {Bhavsar}, Paresh A. and {Van Cleve}, Jeffrey and {Pletcher}, David L. and {Dotson}, Jessie A. and {Haas}, Michael R. and {Gilliland}, Ronald L. and {Koch}, David G. and {Borucki}, William J.},
        title = "{Overview of the Kepler Science Processing Pipeline}",
      journal = {\apjl},
     keywords = {methods: data analysis, techniques: photometric, Astrophysics - Earth and Planetary Astrophysics},
         year = 2010,
        month = apr,
       volume = {713},
       number = {2},
        pages = {L87-L91},
          doi = {10.1088/2041-8205/713/2/L87},
archivePrefix = {arXiv},
       eprint = {1001.0258},
 primaryClass = {astro-ph.EP},
       adsurl = {https://ui.adsabs.harvard.edu/abs/2010ApJ...713L..87J},
      adsnote = {Provided by the SAO/NASA Astrophysics Data System}
}

@ARTICLE{2021MNRAS.504.5327A,
       author = {{Armstrong}, David J. and {Gamper}, Jevgenij and {Damoulas}, Theodoros},
        title = "{Exoplanet validation with machine learning: 50 new validated Kepler planets}",
      journal = {\mnras},
     keywords = {methods: data analysis, methods: statistical, planets and satellites: detection, planets and satellites: general, Astrophysics - Earth and Planetary Astrophysics, Computer Science - Machine Learning},
         year = 2021,
        month = jul,
       volume = {504},
       number = {4},
        pages = {5327-5344},
          doi = {10.1093/mnras/staa2498},
archivePrefix = {arXiv},
       eprint = {2008.10516},
 primaryClass = {astro-ph.EP},
       adsurl = {https://ui.adsabs.harvard.edu/abs/2021MNRAS.504.5327A},
      adsnote = {Provided by the SAO/NASA Astrophysics Data System}
}

@ARTICLE{2014ApJ...784...45R,
       author = {{Rowe}, Jason F. and {Bryson}, Stephen T. and {Marcy}, Geoffrey W. and {Lissauer}, Jack J. and {Jontof-Hutter}, Daniel and {Mullally}, Fergal and {Gilliland}, Ronald L. and {Issacson}, Howard and {Ford}, Eric and {Howell}, Steve B. and {Borucki}, William J. and {Haas}, Michael and {Huber}, Daniel and {Steffen}, Jason H. and {Thompson}, Susan E. and {Quintana}, Elisa and {Barclay}, Thomas and {Still}, Martin and {Fortney}, Jonathan and {Gautier}, T.~N., III and {Hunter}, Roger and {Caldwell}, Douglas A. and {Ciardi}, David R. and {Devore}, Edna and {Cochran}, William and {Jenkins}, Jon and {Agol}, Eric and {Carter}, Joshua A. and {Geary}, John},
        title = "{Validation of Kepler's Multiple Planet Candidates. III. Light Curve Analysis and Announcement of Hundreds of New Multi-planet Systems}",
      journal = {\apj},
     keywords = {planetary systems, planets and satellites: fundamental parameters, Astrophysics - Earth and Planetary Astrophysics},
         year = 2014,
        month = mar,
       volume = {784},
       number = {1},
          eid = {45},
        pages = {45},
          doi = {10.1088/0004-637X/784/1/45},
archivePrefix = {arXiv},
       eprint = {1402.6534},
 primaryClass = {astro-ph.EP},
       adsurl = {https://ui.adsabs.harvard.edu/abs/2014ApJ...784...45R},
      adsnote = {Provided by the SAO/NASA Astrophysics Data System}
}

@ARTICLE{2015ApJ...800...99T,
       author = {{Torres}, Guillermo and {Kipping}, David M. and {Fressin}, Francois and {Caldwell}, Douglas A. and {Twicken}, Joseph D. and {Ballard}, Sarah and {Batalha}, Natalie M. and {Bryson}, Stephen T. and {Ciardi}, David R. and {Henze}, Christopher E. and {Howell}, Steve B. and {Isaacson}, Howard T. and {Jenkins}, Jon M. and {Muirhead}, Philip S. and {Newton}, Elisabeth R. and {Petigura}, Erik A. and {Barclay}, Thomas and {Borucki}, William J. and {Crepp}, Justin R. and {Everett}, Mark E. and {Horch}, Elliott P. and {Howard}, Andrew W. and {Kolbl}, Rea and {Marcy}, Geoffrey W. and {McCauliff}, Sean and {Quintana}, Elisa V.},
        title = "{Validation of 12 Small Kepler Transiting Planets in the Habitable Zone}",
      journal = {\apj},
     keywords = {methods: statistical, planetary systems, stars: individual: KOI-3284 (Kepler-438) KOI-4742 (Kepler-442), techniques: photometric, Astrophysics - Earth and Planetary Astrophysics},
         year = 2015,
        month = feb,
       volume = {800},
       number = {2},
          eid = {99},
        pages = {99},
          doi = {10.1088/0004-637X/800/2/99},
archivePrefix = {arXiv},
       eprint = {1501.01101},
 primaryClass = {astro-ph.EP},
       adsurl = {https://ui.adsabs.harvard.edu/abs/2015ApJ...800...99T},
      adsnote = {Provided by the SAO/NASA Astrophysics Data System}
}

@ARTICLE{2021A&A...649A..26L,
       author = {{Leleu}, A. and {Alibert}, Y. and {Hara}, N.~C. and {Hooton}, M.~J. and {Wilson}, T.~G. and {Robutel}, P. and {Delisle}, J. -B. and {Laskar}, J. and {Hoyer}, S. and {Lovis}, C. and {Bryant}, E.~M. and {Ducrot}, E. and {Cabrera}, J. and {Delrez}, L. and {Acton}, J.~S. and {Adibekyan}, V. and {Allart}, R. and {Allende Prieto}, C. and {Alonso}, R. and {Alves}, D. and {Anderson}, D.~R. and {Angerhausen}, D. and {Anglada Escud{\'e}}, G. and {Asquier}, J. and {Barrado}, D. and {Barros}, S.~C.~C. and {Baumjohann}, W. and {Bayliss}, D. and {Beck}, M. and {Beck}, T. and {Bekkelien}, A. and {Benz}, W. and {Billot}, N. and {Bonfanti}, A. and {Bonfils}, X. and {Bouchy}, F. and {Bourrier}, V. and {Bou{\'e}}, G. and {Brandeker}, A. and {Broeg}, C. and {Buder}, M. and {Burdanov}, A. and {Burleigh}, M.~R. and {B{\'a}rczy}, T. and {Cameron}, A.~C. and {Chamberlain}, S. and {Charnoz}, S. and {Cooke}, B.~F. and {Corral Van Damme}, C. and {Correia}, A.~C.~M. and {Cristiani}, S. and {Damasso}, M. and {Davies}, M.~B. and {Deleuil}, M. and {Demangeon}, O.~D.~S. and {Demory}, B. -O. and {Di Marcantonio}, P. and {Di Persio}, G. and {Dumusque}, X. and {Ehrenreich}, D. and {Erikson}, A. and {Figueira}, P. and {Fortier}, A. and {Fossati}, L. and {Fridlund}, M. and {Futyan}, D. and {Gandolfi}, D. and {Garc{\'\i}a Mu{\~n}oz}, A. and {Garcia}, L.~J. and {Gill}, S. and {Gillen}, E. and {Gillon}, M. and {Goad}, M.~R. and {Gonz{\'a}lez Hern{\'a}ndez}, J.~I. and {Guedel}, M. and {G{\"u}nther}, M.~N. and {Haldemann}, J. and {Henderson}, B. and {Heng}, K. and {Hogan}, A.~E. and {Isaak}, K. and {Jehin}, E. and {Jenkins}, J.~S. and {Jord{\'a}n}, A. and {Kiss}, L. and {Kristiansen}, M.~H. and {Lam}, K. and {Lavie}, B. and {Lecavelier des Etangs}, A. and {Lendl}, M. and {Lillo-Box}, J. and {Lo Curto}, G. and {Magrin}, D. and {Martins}, C.~J.~A.~P. and {Maxted}, P.~F.~L. and {McCormac}, J. and {Mehner}, A. and {Micela}, G. and {Molaro}, P. and {Moyano}, M. and {Murray}, C.~A. and {Nascimbeni}, V. and {Nunes}, N.~J. and {Olofsson}, G. and {Osborn}, H.~P. and {Oshagh}, M. and {Ottensamer}, R. and {Pagano}, I. and {Pall{\'e}}, E. and {Pedersen}, P.~P. and {Pepe}, F.~A. and {Persson}, C.~M. and {Peter}, G. and {Piotto}, G. and {Polenta}, G. and {Pollacco}, D. and {Poretti}, E. and {Pozuelos}, F.~J. and {Queloz}, D. and {Ragazzoni}, R. and {Rando}, N. and {Ratti}, F. and {Rauer}, H. and {Raynard}, L. and {Rebolo}, R. and {Reimers}, C. and {Ribas}, I. and {Santos}, N.~C. and {Scandariato}, G. and {Schneider}, J. and {Sebastian}, D. and {Sestovic}, M. and {Simon}, A.~E. and {Smith}, A.~M.~S. and {Sousa}, S.~G. and {Sozzetti}, A. and {Steller}, M. and {Su{\'a}rez Mascare{\~n}o}, A. and {Szab{\'o}}, Gy. M. and {S{\'e}gransan}, D. and {Thomas}, N. and {Thompson}, S. and {Tilbrook}, R.~H. and {Triaud}, A. and {Turner}, O. and {Udry}, S. and {Van Grootel}, V. and {Venus}, H. and {Verrecchia}, F. and {Vines}, J.~I. and {Walton}, N.~A. and {West}, R.~G. and {Wheatley}, P.~J. and {Wolter}, D. and {Zapatero Osorio}, M.~R.},
        title = "{Six transiting planets and a chain of Laplace resonances in TOI-178}",
      journal = {\aap},
     keywords = {techniques: photometric, techniques: spectroscopic, celestial mechanics, planets and satellites: detection, planets and satellites: dynamical evolution and stability, Astrophysics - Earth and Planetary Astrophysics},
         year = 2021,
        month = may,
       volume = {649},
          eid = {A26},
        pages = {A26},
          doi = {10.1051/0004-6361/202039767},
archivePrefix = {arXiv},
       eprint = {2101.09260},
 primaryClass = {astro-ph.EP},
       adsurl = {https://ui.adsabs.harvard.edu/abs/2021A&A...649A..26L},
      adsnote = {Provided by the SAO/NASA Astrophysics Data System}
}

@ARTICLE{2023A&A...669A.109L,
       author = {{Lillo-Box}, J. and {Gandolfi}, D. and {Armstrong}, D.~J. and {Collins}, K.~A. and {Nielsen}, L.~D. and {Luque}, R. and {Korth}, J. and {Sousa}, S.~G. and {Quinn}, S.~N. and {Acu{\~n}a}, L. and {Howell}, S.~B. and {Morello}, G. and {Hellier}, C. and {Giacalone}, S. and {Hoyer}, S. and {Stassun}, K. and {Palle}, E. and {Aguichine}, A. and {Mousis}, O. and {Adibekyan}, V. and {Azevedo Silva}, T. and {Barrado}, D. and {Deleuil}, M. and {Eastman}, J.~D. and {Fukui}, A. and {Hawthorn}, F. and {Irwin}, J.~M. and {Jenkins}, J.~M. and {Latham}, D.~W. and {Muresan}, A. and {Narita}, N. and {Persson}, C.~M. and {Santerne}, A. and {Santos}, N.~C. and {Savel}, A.~B. and {Osborn}, H.~P. and {Teske}, J. and {Wheatley}, P.~J. and {Winn}, J.~N. and {Barros}, S.~C.~C. and {Butler}, R.~P. and {Caldwell}, D.~A. and {Charbonneau}, D. and {Cloutier}, R. and {Crane}, J.~D. and {Demangeon}, O.~D.~S. and {D{\'\i}az}, R.~F. and {Dumusque}, X. and {Esposito}, M. and {Falk}, B. and {Gill}, H. and {Hojjatpanah}, S. and {Kreidberg}, L. and {Mireles}, I. and {Osborn}, A. and {Ricker}, G.~R. and {Rodriguez}, J.~E. and {Schwarz}, R.~P. and {Seager}, S. and {Serrano Bell}, J. and {Shectman}, S.~A. and {Shporer}, A. and {Vezie}, M. and {Wang}, S.~X. and {Zhou}, G.},
        title = "{TOI-969: a late-K dwarf with a hot mini-Neptune in the desert and an eccentric cold Jupiter}",
      journal = {\aap},
     keywords = {planets and satellites: detection, planets and satellites: fundamental parameters, planets and satellites: composition, techniques: radial velocities, techniques: photometric, stars: individual: TOI-969, Astrophysics - Earth and Planetary Astrophysics},
         year = 2023,
        month = jan,
       volume = {669},
          eid = {A109},
        pages = {A109},
          doi = {10.1051/0004-6361/202243879},
archivePrefix = {arXiv},
       eprint = {2210.08996},
 primaryClass = {astro-ph.EP},
       adsurl = {https://ui.adsabs.harvard.edu/abs/2023A&A...669A.109L},
      adsnote = {Provided by the SAO/NASA Astrophysics Data System}
}

@ARTICLE{2008PhST..130a4001M,
       author = {{Marcy}, G.~W. and {Butler}, R.~P. and {Vogt}, S.~S. and {Fischer}, D.~A. and {Wright}, J.~T. and {Johnson}, J.~A. and {Tinney}, C.~G. and {Jones}, H.~R.~A. and {Carter}, B.~D. and {Bailey}, J. and {O'Toole}, S.~J. and {Upadhyay}, S.},
        title = "{Exoplanet properties from Lick, Keck and AAT}",
      journal = {Physica Scripta Volume T},
         year = 2008,
        month = aug,
       volume = {130},
          eid = {014001},
        pages = {014001},
          doi = {10.1088/0031-8949/2008/T130/014001},
       adsurl = {https://ui.adsabs.harvard.edu/abs/2008PhST..130a4001M},
      adsnote = {Provided by the SAO/NASA Astrophysics Data System}
}

@ARTICLE{2009ApJ...693.1084W,
       author = {{Wright}, J.~T. and {Upadhyay}, S. and {Marcy}, G.~W. and {Fischer}, D.~A. and {Ford}, Eric B. and {Johnson}, John Asher},
        title = "{Ten New and Updated Multiplanet Systems and a Survey of Exoplanetary Systems}",
      journal = {\apj},
     keywords = {planetary systems, Astrophysics},
         year = 2009,
        month = mar,
       volume = {693},
       number = {2},
        pages = {1084-1099},
          doi = {10.1088/0004-637X/693/2/1084},
archivePrefix = {arXiv},
       eprint = {0812.1582},
 primaryClass = {astro-ph},
       adsurl = {https://ui.adsabs.harvard.edu/abs/2009ApJ...693.1084W},
      adsnote = {Provided by the SAO/NASA Astrophysics Data System}
}

@ARTICLE{2015ApJ...810...95C,
       author = {{Christiansen}, Jessie L. and {Clarke}, Bruce D. and {Burke}, Christopher J. and {Seader}, Shawn and {Jenkins}, Jon M. and {Twicken}, Joseph D. and {Catanzarite}, Joseph D. and {Smith}, Jeffrey C. and {Batalha}, Natalie M. and {Haas}, Michael R. and {Thompson}, Susan E. and {Campbell}, Jennifer R. and {Sabale}, Anima and {Kamal Uddin}, AKM},
        title = "{Measuring Transit Signal Recovery in the Kepler Pipeline II: Detection Efficiency as Calculated in One Year of Data}",
      journal = {\apj},
     keywords = {methods: data analysis, techniques: photometric, Astrophysics - Earth and Planetary Astrophysics},
         year = 2015,
        month = sep,
       volume = {810},
       number = {2},
          eid = {95},
        pages = {95},
          doi = {10.1088/0004-637X/810/2/95},
archivePrefix = {arXiv},
       eprint = {1507.05097},
 primaryClass = {astro-ph.EP},
       adsurl = {https://ui.adsabs.harvard.edu/abs/2015ApJ...810...95C},
      adsnote = {Provided by the SAO/NASA Astrophysics Data System}
}

@ARTICLE{2013PNAS..11019273P,
       author = {{Petigura}, Erik A. and {Howard}, Andrew W. and {Marcy}, Geoffrey W.},
        title = "{Prevalence of Earth-size planets orbiting Sun-like stars}",
      journal = {Proceedings of the National Academy of Science},
     keywords = {extrasolar planets, astrobiology, Astrophysics - Earth and Planetary Astrophysics},
         year = 2013,
        month = nov,
       volume = {110},
       number = {48},
        pages = {19273-19278},
          doi = {10.1073/pnas.1319909110},
archivePrefix = {arXiv},
       eprint = {1311.6806},
 primaryClass = {astro-ph.EP},
       adsurl = {https://ui.adsabs.harvard.edu/abs/2013PNAS..11019273P},
      adsnote = {Provided by the SAO/NASA Astrophysics Data System}
}


@article{Parzen_1962, title={On Estimation of a Probability Density Function and Mode}, DOI={10.1214/aoms/1177704472}, author={Parzen, Emanuel}, year={1962}, month={Sep} }

@ARTICLE{2017arXiv170403924C,
       author = {{Chen}, Yen-Chi},
        title = "{A Tutorial on Kernel Density Estimation and Recent Advances}",
      journal = {arXiv e-prints},
     keywords = {Statistics - Methodology, Statistics - Other Statistics},
         year = 2017,
        month = apr,
          eid = {arXiv:1704.03924},
        pages = {arXiv:1704.03924},
          doi = {10.48550/arXiv.1704.03924},
archivePrefix = {arXiv},
       eprint = {1704.03924},
 primaryClass = {stat.ME},
       adsurl = {https://ui.adsabs.harvard.edu/abs/2017arXiv170403924C},
      adsnote = {Provided by the SAO/NASA Astrophysics Data System}
}


@BOOK{1986desd.book.....S,
       author = {{Silverman}, B.~W.},
        title = "{Density estimation for statistics and data analysis}",
         year = 1986,
       adsurl = {https://ui.adsabs.harvard.edu/abs/1986desd.book.....S},
      adsnote = {Provided by the SAO/NASA Astrophysics Data System}
}

@ARTICLE{2007A&A...461.1185L,
       author = {{Lecavelier Des Etangs}, A.},
        title = "{A diagram to determine the evaporation status of extrasolar planets}",
      journal = {\aap},
     keywords = {stars: planetary systems, Astrophysics},
         year = 2007,
        month = jan,
       volume = {461},
       number = {3},
        pages = {1185-1193},
          doi = {10.1051/0004-6361:20065014},
archivePrefix = {arXiv},
       eprint = {astro-ph/0609744},
 primaryClass = {astro-ph},
       adsurl = {https://ui.adsabs.harvard.edu/abs/2007A&A...461.1185L},
      adsnote = {Provided by the SAO/NASA Astrophysics Data System}
}

@ARTICLE{2007ApJ...669.1298F,
       author = {{Fabrycky}, Daniel and {Tremaine}, Scott},
        title = "{Shrinking Binary and Planetary Orbits by Kozai Cycles with Tidal Friction}",
      journal = {\apj},
     keywords = {Stars: Binaries: Close, Celestial Mechanics, Methods: Statistical, Stars: Planetary Systems, Astrophysics},
         year = 2007,
        month = nov,
       volume = {669},
       number = {2},
        pages = {1298-1315},
          doi = {10.1086/521702},
archivePrefix = {arXiv},
       eprint = {0705.4285},
 primaryClass = {astro-ph},
       adsurl = {https://ui.adsabs.harvard.edu/abs/2007ApJ...669.1298F},
      adsnote = {Provided by the SAO/NASA Astrophysics Data System}
}

@ARTICLE{2008ApJ...686..580C,
       author = {{Chatterjee}, Sourav and {Ford}, Eric B. and {Matsumura}, Soko and {Rasio}, Frederic A.},
        title = "{Dynamical Outcomes of Planet-Planet Scattering}",
      journal = {\apj},
     keywords = {instabilities, methods: numerical, planetary systems, planetary systems: formation, scattering, Astrophysics},
         year = 2008,
        month = oct,
       volume = {686},
       number = {1},
        pages = {580-602},
          doi = {10.1086/590227},
archivePrefix = {arXiv},
       eprint = {astro-ph/0703166},
 primaryClass = {astro-ph},
       adsurl = {https://ui.adsabs.harvard.edu/abs/2008ApJ...686..580C},
      adsnote = {Provided by the SAO/NASA Astrophysics Data System}
}

@ARTICLE{1979ApJ...233..857G,
       author = {{Goldreich}, P. and {Tremaine}, S.},
        title = "{The excitation of density waves at the Lindblad and corotation resonances by an external potential.}",
      journal = {\apj},
     keywords = {Density Wave Model, Galactic Structure, Rotating Disks, Astrodynamics, Hydrodynamics, Resonance, Stellar Motions, Wave Excitation, Astrophysics, Gaseous Disks:Hydrodynamics},
         year = 1979,
        month = nov,
       volume = {233},
        pages = {857-871},
          doi = {10.1086/157448},
       adsurl = {https://ui.adsabs.harvard.edu/abs/1979ApJ...233..857G},
      adsnote = {Provided by the SAO/NASA Astrophysics Data System}
}

@ARTICLE{2011ApJ...727L..44S,
       author = {{Szab{\'o}}, Gy. M. and {Kiss}, L.~L.},
        title = "{A Short-period Censor of Sub-Jupiter Mass Exoplanets with Low Density}",
      journal = {\apjl},
     keywords = {planets and satellites: general, Astrophysics - Earth and Planetary Astrophysics},
         year = 2011,
        month = feb,
       volume = {727},
       number = {2},
          eid = {L44},
        pages = {L44},
          doi = {10.1088/2041-8205/727/2/L44},
archivePrefix = {arXiv},
       eprint = {1012.4791},
 primaryClass = {astro-ph.EP},
       adsurl = {https://ui.adsabs.harvard.edu/abs/2011ApJ...727L..44S},
      adsnote = {Provided by the SAO/NASA Astrophysics Data System}
}

@ARTICLE{2011A&A...528A...2B,
       author = {{Ben{\'\i}tez-Llambay}, P. and {Masset}, F. and {Beaug{\'e}}, C.},
        title = "{The mass-period distribution of close-in exoplanets}",
      journal = {\aap},
     keywords = {protoplanetary disks, planet-disk interactions, planet-star interactions, Astrophysics - Earth and Planetary Astrophysics},
         year = 2011,
        month = apr,
       volume = {528},
          eid = {A2},
        pages = {A2},
          doi = {10.1051/0004-6361/201015774},
archivePrefix = {arXiv},
       eprint = {1101.3545},
 primaryClass = {astro-ph.EP},
       adsurl = {https://ui.adsabs.harvard.edu/abs/2011A&A...528A...2B},
      adsnote = {Provided by the SAO/NASA Astrophysics Data System}
}


@ARTICLE{2013ApJ...763...12B,
       author = {{Beaug{\'e}}, C. and {Nesvorn{\'y}}, D.},
        title = "{Emerging Trends in a Period-Radius Distribution of Close-in Planets}",
      journal = {\apj},
     keywords = {planets and satellites: general, stars: abundances, Astrophysics - Earth and Planetary Astrophysics},
         year = 2013,
        month = jan,
       volume = {763},
       number = {1},
          eid = {12},
        pages = {12},
          doi = {10.1088/0004-637X/763/1/12},
archivePrefix = {arXiv},
       eprint = {1211.4533},
 primaryClass = {astro-ph.EP},
       adsurl = {https://ui.adsabs.harvard.edu/abs/2013ApJ...763...12B},
      adsnote = {Provided by the SAO/NASA Astrophysics Data System}
}


@ARTICLE{2016MNRAS.455L..96H,
       author = {{Helled}, Ravit and {Lozovsky}, Michael and {Zucker}, Shay},
        title = "{A possible correlation between planetary radius and orbital period for small planets}",
      journal = {\mnras},
     keywords = {planets and satellites: detection, planets and satellites: dynamical evolution and stability, planets and satellites: formation, planets and satellites: fundamental parameters, Astrophysics - Earth and Planetary Astrophysics},
         year = 2016,
        month = jan,
       volume = {455},
       number = {1},
        pages = {L96-L98},
          doi = {10.1093/mnrasl/slv158},
archivePrefix = {arXiv},
       eprint = {1510.04564},
 primaryClass = {astro-ph.EP},
       adsurl = {https://ui.adsabs.harvard.edu/abs/2016MNRAS.455L..96H},
      adsnote = {Provided by the SAO/NASA Astrophysics Data System}
}

@ARTICLE{2016NatCo...711201L,
       author = {{Lundkvist}, M.~S. and {Kjeldsen}, H. and {Albrecht}, S. and {Davies}, G.~R. and {Basu}, S. and {Huber}, D. and {Justesen}, A.~B. and {Karoff}, C. and {Silva Aguirre}, V. and {van Eylen}, V. and {Vang}, C. and {Arentoft}, T. and {Barclay}, T. and {Bedding}, T.~R. and {Campante}, T.~L. and {Chaplin}, W.~J. and {Christensen-Dalsgaard}, J. and {Elsworth}, Y.~P. and {Gilliland}, R.~L. and {Handberg}, R. and {Hekker}, S. and {Kawaler}, S.~D. and {Lund}, M.~N. and {Metcalfe}, T.~S. and {Miglio}, A. and {Rowe}, J.~F. and {Stello}, D. and {Tingley}, B. and {White}, T.~R.},
        title = "{Hot super-Earths stripped by their host stars}",
      journal = {Nature Communications},
     keywords = {Astrophysics - Earth and Planetary Astrophysics},
         year = 2016,
        month = apr,
       volume = {7},
          eid = {11201},
        pages = {11201},
          doi = {10.1038/ncomms11201},
archivePrefix = {arXiv},
       eprint = {1604.05220},
 primaryClass = {astro-ph.EP},
       adsurl = {https://ui.adsabs.harvard.edu/abs/2016NatCo...711201L},
      adsnote = {Provided by the SAO/NASA Astrophysics Data System}
}

@ARTICLE{2004A&A...418L...1L,
       author = {{Lecavelier des Etangs}, A. and {Vidal-Madjar}, A. and {McConnell}, J.~C. and {H{\'e}brard}, G.},
        title = "{Atmospheric escape from hot Jupiters}",
      journal = {\aap},
     keywords = {star: individual: HD 209458, stars: planetary systems, Astrophysics},
         year = 2004,
        month = apr,
       volume = {418},
        pages = {L1-L4},
          doi = {10.1051/0004-6361:20040106},
archivePrefix = {arXiv},
       eprint = {astro-ph/0403369},
 primaryClass = {astro-ph},
       adsurl = {https://ui.adsabs.harvard.edu/abs/2004A&A...418L...1L},
      adsnote = {Provided by the SAO/NASA Astrophysics Data System}
}


@ARTICLE{2012MNRAS.425.2931O,
       author = {{Owen}, James E. and {Jackson}, Alan P.},
        title = "{Planetary evaporation by UV \& X-ray radiation: basic hydrodynamics}",
      journal = {\mnras},
     keywords = {Astrophysics, Earth and Planetary Astrophysics, planets and satellites: atmospheres, planets and satellites: physical evolution, ultraviolet: planetary systems, ultraviolet: stars, X-rays: stars, Astrophysics - Earth and Planetary Astrophysics},
         year = 2012,
        month = oct,
       volume = {425},
       number = {4},
        pages = {2931-2947},
          doi = {10.1111/j.1365-2966.2012.21481.x},
archivePrefix = {arXiv},
       eprint = {1206.2367},
 primaryClass = {astro-ph.EP},
       adsurl = {https://ui.adsabs.harvard.edu/abs/2012MNRAS.425.2931O},
      adsnote = {Provided by the SAO/NASA Astrophysics Data System}
}

@ARTICLE{2019AREPS..47...67O,
       author = {{Owen}, James E.},
        title = "{Atmospheric Escape and the Evolution of Close-In Exoplanets}",
      journal = {Annual Review of Earth and Planetary Sciences},
     keywords = {Astrophysics - Earth and Planetary Astrophysics},
         year = 2019,
        month = may,
       volume = {47},
        pages = {67-90},
          doi = {10.1146/annurev-earth-053018-060246},
archivePrefix = {arXiv},
       eprint = {1807.07609},
 primaryClass = {astro-ph.EP},
       adsurl = {https://ui.adsabs.harvard.edu/abs/2019AREPS..47...67O},
      adsnote = {Provided by the SAO/NASA Astrophysics Data System}
}

@ARTICLE{2011A&A...529A.136E,
       author = {{Ehrenreich}, D. and {D{\'e}sert}, J. -M.},
        title = "{Mass-loss rates for transiting exoplanets}",
      journal = {\aap},
     keywords = {planets and satellites: general, planets and satellites: atmospheres, ultraviolet: planetary systems, ultraviolet: stars, X-rays: stars, Astrophysics - Earth and Planetary Astrophysics, Astrophysics - Solar and Stellar Astrophysics},
         year = 2011,
        month = may,
       volume = {529},
          eid = {A136},
        pages = {A136},
          doi = {10.1051/0004-6361/201016356},
archivePrefix = {arXiv},
       eprint = {1103.0011},
 primaryClass = {astro-ph.EP},
       adsurl = {https://ui.adsabs.harvard.edu/abs/2011A&A...529A.136E},
      adsnote = {Provided by the SAO/NASA Astrophysics Data System}
}

@ARTICLE{2014ApJ...792....1L,
       author = {{Lopez}, Eric D. and {Fortney}, Jonathan J.},
        title = "{Understanding the Mass-Radius Relation for Sub-neptunes: Radius as a Proxy for Composition}",
      journal = {\apj},
     keywords = {planets and satellites: composition, planets and satellites: formation, planets and satellites: interiors, planets and satellites: physical evolution, Astrophysics - Earth and Planetary Astrophysics},
         year = 2014,
        month = sep,
       volume = {792},
       number = {1},
          eid = {1},
        pages = {1},
          doi = {10.1088/0004-637X/792/1/1},
archivePrefix = {arXiv},
       eprint = {1311.0329},
 primaryClass = {astro-ph.EP},
       adsurl = {https://ui.adsabs.harvard.edu/abs/2014ApJ...792....1L},
      adsnote = {Provided by the SAO/NASA Astrophysics Data System}
}


@ARTICLE{2015AREPS..43..459T,
       author = {{Tian}, Feng},
        title = "{Atmospheric Escape from Solar System Terrestrial Planets and Exoplanets}",
      journal = {Annual Review of Earth and Planetary Sciences},
         year = 2015,
        month = may,
       volume = {43},
        pages = {459-476},
          doi = {10.1146/annurev-earth-060313-054834},
       adsurl = {https://ui.adsabs.harvard.edu/abs/2015AREPS..43..459T},
      adsnote = {Provided by the SAO/NASA Astrophysics Data System}
}

@ARTICLE{2003ApJ...598L.121L,
       author = {{Lammer}, H. and {Selsis}, F. and {Ribas}, I. and {Guinan}, E.~F. and {Bauer}, S.~J. and {Weiss}, W.~W.},
        title = "{Atmospheric Loss of Exoplanets Resulting from Stellar X-Ray and Extreme-Ultraviolet Heating}",
      journal = {\apjl},
     keywords = {Astrobiology, Conduction, Hydrodynamics, Instabilities, Stars: Planetary Systems},
         year = 2003,
        month = dec,
       volume = {598},
       number = {2},
        pages = {L121-L124},
          doi = {10.1086/380815},
       adsurl = {https://ui.adsabs.harvard.edu/abs/2003ApJ...598L.121L},
      adsnote = {Provided by the SAO/NASA Astrophysics Data System}
}

@ARTICLE{2003Natur.422..143V,
       author = {{Vidal-Madjar}, A. and {Lecavelier des Etangs}, A. and {D{\'e}sert}, J. -M. and {Ballester}, G.~E. and {Ferlet}, R. and {H{\'e}brard}, G. and {Mayor}, M.},
        title = "{An extended upper atmosphere around the extrasolar planet HD209458b}",
      journal = {\nat},
         year = 2003,
        month = mar,
       volume = {422},
       number = {6928},
        pages = {143-146},
          doi = {10.1038/nature01448},
       adsurl = {https://ui.adsabs.harvard.edu/abs/2003Natur.422..143V},
      adsnote = {Provided by the SAO/NASA Astrophysics Data System}
}

@ARTICLE{2023ApJ...951...44R,
       author = {{Richey-Yowell}, Tyler and {Shkolnik}, Evgenya L. and {Schneider}, Adam C. and {Peacock}, Sarah and {Huseby}, Lori A. and {Jackman}, James A.~G. and {Barman}, Travis and {Osby}, Ella and {Meadows}, Victoria S.},
        title = "{HAZMAT. IX. An Analysis of the UV and X-Ray Evolution of Low-mass Stars in the Era of Gaia}",
      journal = {\apj},
     keywords = {Stellar evolution, Low mass stars, Ultraviolet astronomy, X-ray astronomy, 1599, 2050, 1736, 1810, Astrophysics - Solar and Stellar Astrophysics, Astrophysics - Earth and Planetary Astrophysics},
         year = 2023,
        month = jul,
       volume = {951},
       number = {1},
          eid = {44},
        pages = {44},
          doi = {10.3847/1538-4357/acd2dc},
archivePrefix = {arXiv},
       eprint = {2305.06561},
 primaryClass = {astro-ph.SR},
       adsurl = {https://ui.adsabs.harvard.edu/abs/2023ApJ...951...44R},
      adsnote = {Provided by the SAO/NASA Astrophysics Data System}
}

@ARTICLE{2019ApJ...872...17R,
       author = {{Richey-Yowell}, Tyler and {Shkolnik}, Evgenya L. and {Schneider}, Adam C. and {Osby}, Ella and {Barman}, Travis and {Meadows}, Victoria S.},
        title = "{HAZMAT. V. The Ultraviolet and X-Ray Evolution of K Stars}",
      journal = {\apj},
     keywords = {stars: evolution, stars: low-mass, Astrophysics - Solar and Stellar Astrophysics, Astrophysics - Earth and Planetary Astrophysics},
         year = 2019,
        month = feb,
       volume = {872},
       number = {1},
          eid = {17},
        pages = {17},
          doi = {10.3847/1538-4357/aafa74},
archivePrefix = {arXiv},
       eprint = {1901.00502},
 primaryClass = {astro-ph.SR},
       adsurl = {https://ui.adsabs.harvard.edu/abs/2019ApJ...872...17R},
      adsnote = {Provided by the SAO/NASA Astrophysics Data System}
}

@ARTICLE{2013MNRAS.431.3444C,
       author = {{Chiang}, Eugene and {Laughlin}, Gregory},
        title = "{The minimum-mass extrasolar nebula: in situ formation of close-in super-Earths}",
      journal = {\mnras},
     keywords = {planets and satellites: atmospheres, planets and satellites: composition, planets and satellites: formation, planets and satellites: general, protoplanetary discs, Astrophysics - Earth and Planetary Astrophysics},
         year = 2013,
        month = jun,
       volume = {431},
       number = {4},
        pages = {3444-3455},
          doi = {10.1093/mnras/stt424},
archivePrefix = {arXiv},
       eprint = {1211.1673},
 primaryClass = {astro-ph.EP},
       adsurl = {https://ui.adsabs.harvard.edu/abs/2013MNRAS.431.3444C},
      adsnote = {Provided by the SAO/NASA Astrophysics Data System}
}

@ARTICLE{2006ApJ...648..666R,
       author = {{Rafikov}, Roman R.},
        title = "{Atmospheres of Protoplanetary Cores: Critical Mass for Nucleated Instability}",
      journal = {\apj},
     keywords = {Stars: Planetary Systems: Protoplanetary Disks, Planets and Satellites: Formation, Solar System: Formation, Astrophysics},
         year = 2006,
        month = sep,
       volume = {648},
       number = {1},
        pages = {666-682},
          doi = {10.1086/505695},
archivePrefix = {arXiv},
       eprint = {astro-ph/0405507},
 primaryClass = {astro-ph},
       adsurl = {https://ui.adsabs.harvard.edu/abs/2006ApJ...648..666R},
      adsnote = {Provided by the SAO/NASA Astrophysics Data System}
}

@ARTICLE{2015ApJ...811...41L,
       author = {{Lee}, Eve J. and {Chiang}, Eugene},
        title = "{To Cool is to Accrete: Analytic Scalings for Nebular Accretion of Planetary Atmospheres}",
      journal = {\apj},
     keywords = {planets and satellites: atmospheres, planets and satellites: formation, Astrophysics - Earth and Planetary Astrophysics},
         year = 2015,
        month = sep,
       volume = {811},
       number = {1},
          eid = {41},
        pages = {41},
          doi = {10.1088/0004-637X/811/1/41},
archivePrefix = {arXiv},
       eprint = {1508.05096},
 primaryClass = {astro-ph.EP},
       adsurl = {https://ui.adsabs.harvard.edu/abs/2015ApJ...811...41L},
      adsnote = {Provided by the SAO/NASA Astrophysics Data System}
}


@ARTICLE{2019ApJ...878...36L,
       author = {{Lee}, Eve J.},
        title = "{The Boundary between Gas-rich and Gas-poor Planets}",
      journal = {\apj},
     keywords = {planets and satellites: formation, planets and satellites: gaseous planets, planets and satellites: physical evolution, planets and satellites: terrestrial planets, Astrophysics - Earth and Planetary Astrophysics},
         year = 2019,
        month = jun,
       volume = {878},
       number = {1},
          eid = {36},
        pages = {36},
          doi = {10.3847/1538-4357/ab1b40},
archivePrefix = {arXiv},
       eprint = {1904.10470},
 primaryClass = {astro-ph.EP},
       adsurl = {https://ui.adsabs.harvard.edu/abs/2019ApJ...878...36L},
      adsnote = {Provided by the SAO/NASA Astrophysics Data System}
}

@ARTICLE{2018ARA&A..56..175D,
       author = {{Dawson}, Rebekah I. and {Johnson}, John Asher},
        title = "{Origins of Hot Jupiters}",
      journal = {\araa},
     keywords = {Astrophysics - Earth and Planetary Astrophysics},
         year = 2018,
        month = sep,
       volume = {56},
        pages = {175-221},
          doi = {10.1146/annurev-astro-081817-051853},
archivePrefix = {arXiv},
       eprint = {1801.06117},
 primaryClass = {astro-ph.EP},
       adsurl = {https://ui.adsabs.harvard.edu/abs/2018ARA&A..56..175D},
      adsnote = {Provided by the SAO/NASA Astrophysics Data System}
}

@ARTICLE{2003A&A...397..147P,
       author = {{Pizzolato}, N. and {Maggio}, A. and {Micela}, G. and {Sciortino}, S. and {Ventura}, P.},
        title = "{The stellar activity-rotation relationship revisited: Dependence of saturated and non-saturated X-ray emission regimes on stellar mass for late-type dwarfs}",
      journal = {\aap},
     keywords = {stars: activity, stars: late-type, X-rays: stars},
         year = 2003,
        month = jan,
       volume = {397},
        pages = {147-157},
          doi = {10.1051/0004-6361:20021560},
       adsurl = {https://ui.adsabs.harvard.edu/abs/2003A&A...397..147P},
      adsnote = {Provided by the SAO/NASA Astrophysics Data System}
}

@ARTICLE{1996Natur.380..606L,
       author = {{Lin}, D.~N.~C. and {Bodenheimer}, P. and {Richardson}, D.~C.},
        title = "{Orbital migration of the planetary companion of 51 Pegasi to its present location}",
      journal = {\nat},
         year = 1996,
        month = apr,
       volume = {380},
       number = {6575},
        pages = {606-607},
          doi = {10.1038/380606a0},
       adsurl = {https://ui.adsabs.harvard.edu/abs/1996Natur.380..606L},
      adsnote = {Provided by the SAO/NASA Astrophysics Data System}
}

@ARTICLE{2016SSRv..205...77B,
       author = {{Baruteau}, Cl{\'e}ment and {Bai}, Xuening and {Mordasini}, Christoph and {Molli{\`e}re}, Paul},
        title = "{Formation, Orbital and Internal Evolutions of Young Planetary Systems}",
      journal = {\ssr},
     keywords = {Planets and satellites: formation, Planets and satellites: interiors, Protoplanetary disks, Planet-disk interactions, Astrophysics - Earth and Planetary Astrophysics},
         year = 2016,
        month = dec,
       volume = {205},
       number = {1-4},
        pages = {77-124},
          doi = {10.1007/s11214-016-0258-z},
archivePrefix = {arXiv},
       eprint = {1604.07558},
 primaryClass = {astro-ph.EP},
       adsurl = {https://ui.adsabs.harvard.edu/abs/2016SSRv..205...77B},
      adsnote = {Provided by the SAO/NASA Astrophysics Data System}
}

@ARTICLE{2008ApJ...686..621F,
       author = {{Ford}, Eric B. and {Rasio}, Frederic A.},
        title = "{Origins of Eccentric Extrasolar Planets: Testing the Planet-Planet Scattering Model}",
      journal = {\apj},
     keywords = {celestial mechanics, planetary systems, planetary systems: formation, planets and satellites: general, Astrophysics},
         year = 2008,
        month = oct,
       volume = {686},
       number = {1},
        pages = {621-636},
          doi = {10.1086/590926},
archivePrefix = {arXiv},
       eprint = {astro-ph/0703163},
 primaryClass = {astro-ph},
       adsurl = {https://ui.adsabs.harvard.edu/abs/2008ApJ...686..621F},
      adsnote = {Provided by the SAO/NASA Astrophysics Data System}
}

@ARTICLE{2008ApJ...678..498N,
       author = {{Nagasawa}, M. and {Ida}, S. and {Bessho}, T.},
        title = "{Formation of Hot Planets by a Combination of Planet Scattering, Tidal Circularization, and the Kozai Mechanism}",
      journal = {\apj},
     keywords = {celestial mechanics, planetary systems: formation, solar system: formation, Astrophysics},
         year = 2008,
        month = may,
       volume = {678},
       number = {1},
        pages = {498-508},
          doi = {10.1086/529369},
archivePrefix = {arXiv},
       eprint = {0801.1368},
 primaryClass = {astro-ph},
       adsurl = {https://ui.adsabs.harvard.edu/abs/2008ApJ...678..498N},
      adsnote = {Provided by the SAO/NASA Astrophysics Data System}
}

@ARTICLE{2003ApJ...589..605W,
       author = {{Wu}, Y. and {Murray}, N.},
        title = "{Planet Migration and Binary Companions: The Case of HD 80606b}",
      journal = {\apj},
     keywords = {Stars: Planetary Systems, Stars: Individual: Henry Draper Number: HD 80606b, Astrophysics},
         year = 2003,
        month = may,
       volume = {589},
       number = {1},
        pages = {605-614},
          doi = {10.1086/374598},
archivePrefix = {arXiv},
       eprint = {astro-ph/0303010},
 primaryClass = {astro-ph},
       adsurl = {https://ui.adsabs.harvard.edu/abs/2003ApJ...589..605W},
      adsnote = {Provided by the SAO/NASA Astrophysics Data System}
}

@ARTICLE{2011ApJ...735..109W,
       author = {{Wu}, Yanqin and {Lithwick}, Yoram},
        title = "{Secular Chaos and the Production of Hot Jupiters}",
      journal = {\apj},
     keywords = {planetary systems, Astrophysics - Earth and Planetary Astrophysics, Astrophysics - Solar and Stellar Astrophysics},
         year = 2011,
        month = jul,
       volume = {735},
       number = {2},
          eid = {109},
        pages = {109},
          doi = {10.1088/0004-637X/735/2/109},
archivePrefix = {arXiv},
       eprint = {1012.3475},
 primaryClass = {astro-ph.EP},
       adsurl = {https://ui.adsabs.harvard.edu/abs/2011ApJ...735..109W},
      adsnote = {Provided by the SAO/NASA Astrophysics Data System}
}

@ARTICLE{2023A&A...669A..63B,
       author = {{Bourrier}, V. and {Attia}, O. and {Mallonn}, M. and {Marret}, A. and {Lendl}, M. and {Konig}, P. -C. and {Krenn}, A. and {Cretignier}, M. and {Allart}, R. and {Henry}, G. and {Bryant}, E. and {Leleu}, A. and {Nielsen}, L. and {Hebrard}, G. and {Hara}, N. and {Ehrenreich}, D. and {Seidel}, J. and {dos Santos}, L. and {Lovis}, C. and {Bayliss}, D. and {Cegla}, H.~M. and {Dumusque}, X. and {Boisse}, I. and {Boucher}, A. and {Bouchy}, F. and {Pepe}, F. and {Lavie}, B. and {Rey Cerda}, J. and {S{\'e}gransan}, D. and {Udry}, S. and {Vrignaud}, T.},
        title = "{DREAM. I. Orbital architecture orrery}",
      journal = {\aap},
     keywords = {planets and satellites: fundamental parameters, planets and satellites: dynamical evolution and stability, techniques: spectroscopic, Astrophysics - Earth and Planetary Astrophysics},
         year = 2023,
        month = jan,
       volume = {669},
          eid = {A63},
        pages = {A63},
          doi = {10.1051/0004-6361/202245004},
archivePrefix = {arXiv},
       eprint = {2301.07727},
 primaryClass = {astro-ph.EP},
       adsurl = {https://ui.adsabs.harvard.edu/abs/2023A&A...669A..63B},
      adsnote = {Provided by the SAO/NASA Astrophysics Data System}
}

@INPROCEEDINGS{2023IAUS..370...56D,
       author = {{Dos Santos}, Leonardo A.},
        title = "{Observations of planetary winds and outflows}",
     keywords = {(stars:) planetary systems, planets and satellites: general, techniques: spectroscopic, Astrophysics - Earth and Planetary Astrophysics},
    booktitle = {Winds of Stars and Exoplanets},
         year = 2023,
       editor = {{Vidotto}, Aline A. and {Fossati}, Luca and {Vink}, Jorick S.},
       volume = {370},
        month = jan,
        pages = {56-71},
          doi = {10.1017/S1743921322004239},
archivePrefix = {arXiv},
       eprint = {2211.16243},
 primaryClass = {astro-ph.EP},
       adsurl = {https://ui.adsabs.harvard.edu/abs/2023IAUS..370...56D},
      adsnote = {Provided by the SAO/NASA Astrophysics Data System}
}


@ARTICLE{2018ApJ...855L..11O,
       author = {{Oklop{\v{c}}i{\'c}}, Antonija and {Hirata}, Christopher M.},
        title = "{A New Window into Escaping Exoplanet Atmospheres: 10830 {\r{A}} Line of Helium}",
      journal = {\apjl},
     keywords = {atomic processes, planets and satellites: atmospheres, planets and satellites: gaseous planets, radiative transfer, Astrophysics - Earth and Planetary Astrophysics},
         year = 2018,
        month = mar,
       volume = {855},
       number = {1},
          eid = {L11},
        pages = {L11},
          doi = {10.3847/2041-8213/aaada9},
archivePrefix = {arXiv},
       eprint = {1711.05269},
 primaryClass = {astro-ph.EP},
       adsurl = {https://ui.adsabs.harvard.edu/abs/2018ApJ...855L..11O},
      adsnote = {Provided by the SAO/NASA Astrophysics Data System}
}

@ARTICLE{2018Natur.557...68S,
       author = {{Spake}, J.~J. and {Sing}, D.~K. and {Evans}, T.~M. and {Oklop{\v{c}}i{\'c}}, A. and {Bourrier}, V. and {Kreidberg}, L. and {Rackham}, B.~V. and {Irwin}, J. and {Ehrenreich}, D. and {Wyttenbach}, A. and {Wakeford}, H.~R. and {Zhou}, Y. and {Chubb}, K.~L. and {Nikolov}, N. and {Goyal}, J.~M. and {Henry}, G.~W. and {Williamson}, M.~H. and {Blumenthal}, S. and {Anderson}, D.~R. and {Hellier}, C. and {Charbonneau}, D. and {Udry}, S. and {Madhusudhan}, N.},
        title = "{Helium in the eroding atmosphere of an exoplanet}",
      journal = {\nat},
     keywords = {Astrophysics - Earth and Planetary Astrophysics},
         year = 2018,
        month = may,
       volume = {557},
       number = {7703},
        pages = {68-70},
          doi = {10.1038/s41586-018-0067-5},
archivePrefix = {arXiv},
       eprint = {1805.01298},
 primaryClass = {astro-ph.EP},
       adsurl = {https://ui.adsabs.harvard.edu/abs/2018Natur.557...68S},
      adsnote = {Provided by the SAO/NASA Astrophysics Data System}
}

@ARTICLE{2018Sci...362.1384A,
       author = {{Allart}, R. and {Bourrier}, V. and {Lovis}, C. and {Ehrenreich}, D. and {Spake}, J.~J. and {Wyttenbach}, A. and {Pino}, L. and {Pepe}, F. and {Sing}, D.~K. and {Lecavelier des Etangs}, A.},
        title = "{Spectrally resolved helium absorption from the extended atmosphere of a warm Neptune-mass exoplanet}",
      journal = {Science},
     keywords = {ASTRONOMY, GEOCHEM PHYS, PLANET SCI, Astrophysics - Earth and Planetary Astrophysics},
         year = 2018,
        month = dec,
       volume = {362},
       number = {6421},
        pages = {1384-1387},
          doi = {10.1126/science.aat5879},
archivePrefix = {arXiv},
       eprint = {1812.02189},
 primaryClass = {astro-ph.EP},
       adsurl = {https://ui.adsabs.harvard.edu/abs/2018Sci...362.1384A},
      adsnote = {Provided by the SAO/NASA Astrophysics Data System}
}


@ARTICLE{2024arXiv240416732O,
       author = {{Orell-Miquel}, J. and {Murgas}, F. and {Pall{\'e}}, E. and {Mallorqu{\'\i}n}, M. and {L{\'o}pez-Puertas}, M. and {Lamp{\'o}n}, M. and {Sanz-Forcada}, J. and {Nortmann}, L. and {Czesla}, S. and {Nagel}, E. and {Ribas}, I. and {Stangret}, M. and {Livingston}, J. and {Knudstrup}, E. and {Albrecht}, S.~H. and {Carleo}, I. and {Caballero}, J. and {Dai}, F. and {Esparza-Borges}, E. and {Fukui}, A. and {Heng}, K. and {Henning}, Th. and {Kagetani}, T. and {Lesjak}, F. and {de Leon}, J.~P. and {Montes}, D. and {Morello}, G. and {Narita}, N. and {Quirrenbach}, A. and {Amado}, P.~J. and {Reiners}, A. and {Schweitzer}, A. and {Vico Linares}, J.~I.},
        title = "{The MOPYS project: A survey of 70 planets in search of extended He I and H atmospheres. No evidence of enhanced evaporation in young planets}",
      journal = {arXiv e-prints},
     keywords = {Astrophysics - Earth and Planetary Astrophysics},
         year = 2024,
        month = apr,
          eid = {arXiv:2404.16732},
        pages = {arXiv:2404.16732},
          doi = {10.48550/arXiv.2404.16732},
archivePrefix = {arXiv},
       eprint = {2404.16732},
 primaryClass = {astro-ph.EP},
       adsurl = {https://ui.adsabs.harvard.edu/abs/2024arXiv240416732O},
      adsnote = {Provided by the SAO/NASA Astrophysics Data System}
}

@ARTICLE{2022A&A...659A..55O,
       author = {{Orell-Miquel}, J. and {Murgas}, F. and {Pall{\'e}}, E. and {Lamp{\'o}n}, M. and {L{\'o}pez-Puertas}, M. and {Sanz-Forcada}, J. and {Nagel}, E. and {Kaminski}, A. and {Casasayas-Barris}, N. and {Nortmann}, L. and {Luque}, R. and {Molaverdikhani}, K. and {Sedaghati}, E. and {Caballero}, J.~A. and {Amado}, P.~J. and {Bergond}, G. and {Czesla}, S. and {Hatzes}, A.~P. and {Henning}, Th. and {Khalafinejad}, S. and {Montes}, D. and {Morello}, G. and {Quirrenbach}, A. and {Reiners}, A. and {Ribas}, I. and {S{\'a}nchez-L{\'o}pez}, A. and {Schweitzer}, A. and {Stangret}, M. and {Yan}, F. and {Zapatero Osorio}, M.~R.},
        title = "{A tentative detection of He I in the atmosphere of GJ 1214 b}",
      journal = {\aap},
     keywords = {stars: individual: GJ 1214, planets and satellites: atmospheres, planets and satellites: individual: GJ 1214b, techniques: spectroscopic, Astrophysics - Earth and Planetary Astrophysics},
         year = 2022,
        month = mar,
       volume = {659},
          eid = {A55},
        pages = {A55},
          doi = {10.1051/0004-6361/202142455},
archivePrefix = {arXiv},
       eprint = {2201.11120},
 primaryClass = {astro-ph.EP},
       adsurl = {https://ui.adsabs.harvard.edu/abs/2022A&A...659A..55O},
      adsnote = {Provided by the SAO/NASA Astrophysics Data System}
}


@ARTICLE{2023A&A...676A.130G,
       author = {{Guilluy}, G. and {Bourrier}, V. and {Jaziri}, Y. and {Dethier}, W. and {Mounzer}, D. and {Giacobbe}, P. and {Attia}, O. and {Allart}, R. and {Bonomo}, A.~S. and {Dos Santos}, L.~A. and {Rainer}, M. and {Sozzetti}, A.},
        title = "{DREAM. III. A helium survey in exoplanets on the edge of the hot Neptune desert with GIANO-B at TNG}",
      journal = {\aap},
     keywords = {planets and satellites: atmospheres, techniques: spectroscopic, methods: observational, infrared: planetary systems, Astrophysics - Earth and Planetary Astrophysics},
         year = 2023,
        month = aug,
       volume = {676},
          eid = {A130},
        pages = {A130},
          doi = {10.1051/0004-6361/202346419},
archivePrefix = {arXiv},
       eprint = {2307.00967},
 primaryClass = {astro-ph.EP},
       adsurl = {https://ui.adsabs.harvard.edu/abs/2023A&A...676A.130G},
      adsnote = {Provided by the SAO/NASA Astrophysics Data System}
}

@INCOLLECTION{2018haex.bookE...2T,
       author = {{Triaud}, Amaury H.~M.~J.},
        title = "{The Rossiter-McLaughlin Effect in Exoplanet Research}",
     keywords = {Physics, Astrophysics - Earth and Planetary Astrophysics, Astrophysics - Instrumentation and Methods for Astrophysics, Astrophysics - Solar and Stellar Astrophysics},
    booktitle = {Handbook of Exoplanets},
         year = 2018,
       editor = {{Deeg}, Hans J. and {Belmonte}, Juan Antonio},
          eid = {2},
        pages = {2},
          doi = {10.1007/978-3-319-55333-7_2},
       adsurl = {https://ui.adsabs.harvard.edu/abs/2018haex.bookE...2T},
      adsnote = {Provided by the SAO/NASA Astrophysics Data System}
}

@ARTICLE{2021A&A...654A.152B,
       author = {{Bourrier}, V. and {Lovis}, C. and {Cretignier}, M. and {Allart}, R. and {Dumusque}, X. and {Delisle}, J. -B. and {Deline}, A. and {Sousa}, S.~G. and {Adibekyan}, V. and {Alibert}, Y. and {Barros}, S.~C.~C. and {Borsa}, F. and {Cristiani}, S. and {Demangeon}, O. and {Ehrenreich}, D. and {Figueira}, P. and {Gonz{\'a}lez Hern{\'a}ndez}, J.~I. and {Lendl}, M. and {Lillo-Box}, J. and {Lo Curto}, G. and {Di Marcantonio}, P. and {Martins}, C.~J.~A.~P. and {M{\'e}gevand}, D. and {Mehner}, A. and {Micela}, G. and {Molaro}, P. and {Oshagh}, M. and {Palle}, E. and {Pepe}, F. and {Poretti}, E. and {Rebolo}, R. and {Santos}, N.~C. and {Scandariato}, G. and {Seidel}, J.~V. and {Sozzetti}, A. and {Su{\'a}rez Mascare{\~n}o}, A. and {Zapatero Osorio}, M.~R.},
        title = "{The Rossiter-McLaughlin effect revolutions: an ultra-short period planet and a warm mini-Neptune on perpendicular orbits}",
      journal = {\aap},
     keywords = {methods: data analysis, planets and satellites: dynamical evolution and stability, techniques: spectroscopic, Astrophysics - Earth and Planetary Astrophysics, Astrophysics - Solar and Stellar Astrophysics},
         year = 2021,
        month = oct,
       volume = {654},
          eid = {A152},
        pages = {A152},
          doi = {10.1051/0004-6361/202141527},
archivePrefix = {arXiv},
       eprint = {2110.14214},
 primaryClass = {astro-ph.EP},
       adsurl = {https://ui.adsabs.harvard.edu/abs/2021A&A...654A.152B},
      adsnote = {Provided by the SAO/NASA Astrophysics Data System}
}

@ARTICLE{2018Natur.553..477B,
       author = {{Bourrier}, Vincent and {Lovis}, Christophe and {Beust}, Herv{\'e} and {Ehrenreich}, David and {Henry}, Gregory W. and {Astudillo-Defru}, Nicola and {Allart}, Romain and {Bonfils}, Xavier and {S{\'e}gransan}, Damien and {Delfosse}, Xavier and {Cegla}, Heather M. and {Wyttenbach}, Aur{\'e}lien and {Heng}, Kevin and {Lavie}, Baptiste and {Pepe}, Francesco},
        title = "{Orbital misalignment of the Neptune-mass exoplanet GJ 436b with the spin of its cool star}",
      journal = {\nat},
     keywords = {Astrophysics - Earth and Planetary Astrophysics},
         year = 2018,
        month = jan,
       volume = {553},
       number = {7689},
        pages = {477-480},
          doi = {10.1038/nature24677},
archivePrefix = {arXiv},
       eprint = {1712.06638},
 primaryClass = {astro-ph.EP},
       adsurl = {https://ui.adsabs.harvard.edu/abs/2018Natur.553..477B},
      adsnote = {Provided by the SAO/NASA Astrophysics Data System}
}

@ARTICLE{2018A&A...620A.147B,
       author = {{Bourrier}, V. and {Lecavelier des Etangs}, A. and {Ehrenreich}, D. and {Sanz-Forcada}, J. and {Allart}, R. and {Ballester}, G.~E. and {Buchhave}, L.~A. and {Cohen}, O. and {Deming}, D. and {Evans}, T.~M. and {Garc{\'\i}a Mu{\~n}oz}, A. and {Henry}, G.~W. and {Kataria}, T. and {Lavvas}, P. and {Lewis}, N. and {L{\'o}pez-Morales}, M. and {Marley}, M. and {Sing}, D.~K. and {Wakeford}, H.~R.},
        title = "{Hubble PanCET: an extended upper atmosphere of neutral hydrogen around the warm Neptune GJ 3470b}",
      journal = {\aap},
     keywords = {techniques: spectroscopic, planets and satellites: atmospheres, planets and satellites: individual: GJ 3470b, planet-star interactions, ultraviolet: stars, Astrophysics - Earth and Planetary Astrophysics, Astrophysics - Solar and Stellar Astrophysics},
         year = 2018,
        month = dec,
       volume = {620},
          eid = {A147},
        pages = {A147},
          doi = {10.1051/0004-6361/201833675},
archivePrefix = {arXiv},
       eprint = {1812.05119},
 primaryClass = {astro-ph.EP},
       adsurl = {https://ui.adsabs.harvard.edu/abs/2018A&A...620A.147B},
      adsnote = {Provided by the SAO/NASA Astrophysics Data System}
}

@ARTICLE{2015Natur.522..459E,
       author = {{Ehrenreich}, David and {Bourrier}, Vincent and {Wheatley}, Peter J. and {Lecavelier des Etangs}, Alain and {H{\'e}brard}, Guillaume and {Udry}, St{\'e}phane and {Bonfils}, Xavier and {Delfosse}, Xavier and {D{\'e}sert}, Jean-Michel and {Sing}, David K. and {Vidal-Madjar}, Alfred},
        title = "{A giant comet-like cloud of hydrogen escaping the warm Neptune-mass exoplanet GJ 436b}",
      journal = {\nat},
     keywords = {Astrophysics - Earth and Planetary Astrophysics},
         year = 2015,
        month = jun,
       volume = {522},
       number = {7557},
        pages = {459-461},
          doi = {10.1038/nature14501},
archivePrefix = {arXiv},
       eprint = {1506.07541},
 primaryClass = {astro-ph.EP},
       adsurl = {https://ui.adsabs.harvard.edu/abs/2015Natur.522..459E},
      adsnote = {Provided by the SAO/NASA Astrophysics Data System}
}


@ARTICLE{2022NatAs...6..141B,
       author = {{Ben-Jaffel}, Lotfi and {Ballester}, Gilda E. and {Garc{\'\i}a Mu{\~n}oz}, Antonio and {Lavvas}, Panayotis and {Sing}, David K. and {Sanz-Forcada}, Jorge and {Cohen}, Ofer and {Kataria}, Tiffany and {Henry}, Gregory W. and {Buchhave}, Lars and {Mikal-Evans}, Thomas and {Wakeford}, Hannah R. and {L{\'o}pez-Morales}, Mercedes},
        title = "{Signatures of strong magnetization and a metal-poor atmosphere for a Neptune-sized exoplanet}",
      journal = {Nature Astronomy},
     keywords = {Astrophysics - Earth and Planetary Astrophysics, Astrophysics - Solar and Stellar Astrophysics, Physics - Computational Physics, Physics - Plasma Physics, Physics - Space Physics},
         year = 2022,
        month = jan,
       volume = {6},
        pages = {141-153},
          doi = {10.1038/s41550-021-01505-x},
archivePrefix = {arXiv},
       eprint = {2211.05155},
 primaryClass = {astro-ph.EP},
       adsurl = {https://ui.adsabs.harvard.edu/abs/2022NatAs...6..141B},
      adsnote = {Provided by the SAO/NASA Astrophysics Data System}
}

@ARTICLE{2017A&A...605L...7L,
       author = {{Lavie}, B. and {Ehrenreich}, D. and {Bourrier}, V. and {Lecavelier des Etangs}, A. and {Vidal-Madjar}, A. and {Delfosse}, X. and {Gracia Berna}, A. and {Heng}, K. and {Thomas}, N. and {Udry}, S. and {Wheatley}, P.~J.},
        title = "{The long egress of GJ 436b's giant exosphere}",
      journal = {\aap},
     keywords = {planets and satellites: atmospheres, planets and satellites: gaseous planets, planets and satellites: individual: GJ 436, Astrophysics - Earth and Planetary Astrophysics},
         year = 2017,
        month = sep,
       volume = {605},
          eid = {L7},
        pages = {L7},
          doi = {10.1051/0004-6361/201731340},
archivePrefix = {arXiv},
       eprint = {1709.04686},
 primaryClass = {astro-ph.EP},
       adsurl = {https://ui.adsabs.harvard.edu/abs/2017A&A...605L...7L},
      adsnote = {Provided by the SAO/NASA Astrophysics Data System}
}



@ARTICLE{2020A&A...643A..25P,
       author = {{Palle}, E. and {Oshagh}, M. and {Casasayas-Barris}, N. and {Hirano}, T. and {Stangret}, M. and {Luque}, R. and {Strachan}, J. and {Gaidos}, E. and {Anglada-Escude}, G. and {Plavchan}, P. and {Addison}, B.},
        title = "{Transmission spectroscopy and Rossiter-McLaughlin measurements of the young Neptune orbiting AU Mic}",
      journal = {\aap},
     keywords = {planets and satellites: atmospheres - techniques: radial velocities - planets and satellites: formation - planets and satellites: individual: Au Mic, Astrophysics - Earth and Planetary Astrophysics, Astrophysics - Solar and Stellar Astrophysics},
         year = 2020,
        month = nov,
       volume = {643},
          eid = {A25},
        pages = {A25},
          doi = {10.1051/0004-6361/202038583},
archivePrefix = {arXiv},
       eprint = {2006.13609},
 primaryClass = {astro-ph.EP},
       adsurl = {https://ui.adsabs.harvard.edu/abs/2020A&A...643A..25P},
      adsnote = {Provided by the SAO/NASA Astrophysics Data System}
}

@ARTICLE{2020AJ....160..179M,
       author = {{Mann}, Andrew W. and {Johnson}, Marshall C. and {Vanderburg}, Andrew and {Kraus}, Adam L. and {Rizzuto}, Aaron C. and {Wood}, Mackenna L. and {Bush}, Jonathan L. and {Rockcliffe}, Keighley and {Newton}, Elisabeth R. and {Latham}, David W. and {Mamajek}, Eric E. and {Zhou}, George and {Quinn}, Samuel N. and {Thao}, Pa Chia and {Benatti}, Serena and {Cosentino}, Rosario and {Desidera}, Silvano and {Harutyunyan}, Avet and {Lovis}, Christophe and {Mortier}, Annelies and {Pepe}, Francesco A. and {Poretti}, Ennio and {Wilson}, Thomas G. and {Kristiansen}, Martti H. and {Gagliano}, Robert and {Jacobs}, Thomas and {LaCourse}, Daryll M. and {Omohundro}, Mark and {Schwengeler}, Hans Martin and {Terentev}, Ivan A. and {Kane}, Stephen R. and {Hill}, Michelle L. and {Rabus}, Markus and {Esquerdo}, Gilbert A. and {Berlind}, Perry and {Collins}, Karen A. and {Murawski}, Gabriel and {Sallam}, Nezar Hazam and {Aitken}, Michael M. and {Massey}, Bob and {Ricker}, George R. and {Vanderspek}, Roland and {Seager}, Sara and {Winn}, Joshua N. and {Jenkins}, Jon M. and {Barclay}, Thomas and {Caldwell}, Douglas A. and {Dragomir}, Diana and {Doty}, John P. and {Glidden}, Ana and {Tenenbaum}, Peter and {Torres}, Guillermo and {Twicken}, Joseph D. and {Villanueva}, Steven, Jr.},
        title = "{TESS Hunt for Young and Maturing Exoplanets (THYME). III. A Two-planet System in the 400 Myr Ursa Major Group}",
      journal = {\aj},
     keywords = {Young star clusters, Exoplanet evolution, Transits, Exoplanet astronomy, Stellar activity, Stellar rotation, Exoplanet dynamics, 1833, 491, 1711, 486, 1580, 1629, 490, Astrophysics - Earth and Planetary Astrophysics, Astrophysics - Solar and Stellar Astrophysics},
         year = 2020,
        month = oct,
       volume = {160},
       number = {4},
          eid = {179},
        pages = {179},
          doi = {10.3847/1538-3881/abae64},
archivePrefix = {arXiv},
       eprint = {2005.00047},
 primaryClass = {astro-ph.EP},
       adsurl = {https://ui.adsabs.harvard.edu/abs/2020AJ....160..179M},
      adsnote = {Provided by the SAO/NASA Astrophysics Data System}
}

@ARTICLE{2012ApJ...754L..36N,
       author = {{Naoz}, Smadar and {Farr}, Will M. and {Rasio}, Frederic A.},
        title = "{On the Formation of Hot Jupiters in Stellar Binaries}",
      journal = {\apjl},
     keywords = {binaries: general, planetary systems, Astrophysics - Earth and Planetary Astrophysics},
         year = 2012,
        month = aug,
       volume = {754},
       number = {2},
          eid = {L36},
        pages = {L36},
          doi = {10.1088/2041-8205/754/2/L36},
archivePrefix = {arXiv},
       eprint = {1206.3529},
 primaryClass = {astro-ph.EP},
       adsurl = {https://ui.adsabs.harvard.edu/abs/2012ApJ...754L..36N},
      adsnote = {Provided by the SAO/NASA Astrophysics Data System}
}


@ARTICLE{2012ApJ...757...18A,
       author = {{Albrecht}, Simon and {Winn}, Joshua N. and {Johnson}, John A. and {Howard}, Andrew W. and {Marcy}, Geoffrey W. and {Butler}, R. Paul and {Arriagada}, Pamela and {Crane}, Jeffrey D. and {Shectman}, Stephen A. and {Thompson}, Ian B. and {Hirano}, Teruyuki and {Bakos}, Gaspar and {Hartman}, Joel D.},
        title = "{Obliquities of Hot Jupiter Host Stars: Evidence for Tidal Interactions and Primordial Misalignments}",
      journal = {\apj},
     keywords = {planetary systems, planets and satellites: formation, planet-star interactions, stars: rotation, techniques: spectroscopic, Astrophysics - Solar and Stellar Astrophysics, Astrophysics - Earth and Planetary Astrophysics},
         year = 2012,
        month = sep,
       volume = {757},
       number = {1},
          eid = {18},
        pages = {18},
          doi = {10.1088/0004-637X/757/1/18},
archivePrefix = {arXiv},
       eprint = {1206.6105},
 primaryClass = {astro-ph.SR},
       adsurl = {https://ui.adsabs.harvard.edu/abs/2012ApJ...757...18A},
      adsnote = {Provided by the SAO/NASA Astrophysics Data System}
}

@ARTICLE{2020A&A...635A..37C,
       author = {{Correia}, A.~C.~M. and {Bourrier}, V. and {Delisle}, J. -B.},
        title = "{Why do warm Neptunes present nonzero eccentricity?}",
      journal = {\aap},
     keywords = {celestial mechanics, planet-star interactions, planets and satellites: dynamical evolution and stability, planets and satellites: atmospheres, Astrophysics - Earth and Planetary Astrophysics, Astrophysics - Solar and Stellar Astrophysics},
         year = 2020,
        month = mar,
       volume = {635},
          eid = {A37},
        pages = {A37},
          doi = {10.1051/0004-6361/201936967},
archivePrefix = {arXiv},
       eprint = {2005.02700},
 primaryClass = {astro-ph.EP},
       adsurl = {https://ui.adsabs.harvard.edu/abs/2020A&A...635A..37C},
      adsnote = {Provided by the SAO/NASA Astrophysics Data System}
}


@ARTICLE{2016ApJ...829..132P,
       author = {{Petrovich}, Cristobal and {Tremaine}, Scott},
        title = "{Warm Jupiters from Secular Planet-Planet Interactions}",
      journal = {\apj},
     keywords = {planetary systems, planets and satellites: dynamical evolution and stability, planets and satellites: formation, planets and satellites: gaseous planets, Astrophysics - Earth and Planetary Astrophysics},
         year = 2016,
        month = oct,
       volume = {829},
       number = {2},
          eid = {132},
        pages = {132},
          doi = {10.3847/0004-637X/829/2/132},
archivePrefix = {arXiv},
       eprint = {1604.00010},
 primaryClass = {astro-ph.EP},
       adsurl = {https://ui.adsabs.harvard.edu/abs/2016ApJ...829..132P},
      adsnote = {Provided by the SAO/NASA Astrophysics Data System}
}


@ARTICLE{2023A&A...674A.120A,
       author = {{Attia}, O. and {Bourrier}, V. and {Delisle}, J. -B. and {Eggenberger}, P.},
        title = "{DREAM. II. The spin-orbit angle distribution of close-in exoplanets under the lens of tides}",
      journal = {\aap},
     keywords = {planet-star interactions, planets and satellites: dynamical evolution and stability, methods: data analysis, methods: statistical, Astrophysics - Earth and Planetary Astrophysics},
         year = 2023,
        month = jun,
       volume = {674},
          eid = {A120},
        pages = {A120},
          doi = {10.1051/0004-6361/202245237},
archivePrefix = {arXiv},
       eprint = {2305.00829},
 primaryClass = {astro-ph.EP},
       adsurl = {https://ui.adsabs.harvard.edu/abs/2023A&A...674A.120A},
      adsnote = {Provided by the SAO/NASA Astrophysics Data System}
}

@ARTICLE{2024MNRAS.527.4467F,
       author = {{Farret Jentink}, C. and {Bourrier}, V. and {Lovis}, C. and {Allart}, R. and {Chazelas}, B. and {Lendl}, M. and {Dumusque}, X. and {Pepe}, F.},
        title = "{NIGHT: A compact, near-infrared, high-resolution spectrograph to survey helium in exoplanet systems}",
      journal = {\mnras},
     keywords = {instrumentation: spectrographs, exoplanets, planets and satellites: atmospheres, planets and satellites: physical evolution, stars: chromospheres, infrared: planetary systems, Astrophysics - Earth and Planetary Astrophysics, Astrophysics - Instrumentation and Methods for Astrophysics, Astrophysics - Solar and Stellar Astrophysics},
         year = 2024,
        month = jan,
       volume = {527},
       number = {3},
        pages = {4467-4482},
          doi = {10.1093/mnras/stad3285},
archivePrefix = {arXiv},
       eprint = {2310.17275},
 primaryClass = {astro-ph.EP},
       adsurl = {https://ui.adsabs.harvard.edu/abs/2024MNRAS.527.4467F},
      adsnote = {Provided by the SAO/NASA Astrophysics Data System}
}

@ARTICLE{1924ApJ....60...15R,
       author = {{Rossiter}, R.~A.},
        title = "{On the detection of an effect of rotation during eclipse in the velocity of the brigher component of beta Lyrae, and on the constancy of velocity of this system.}",
      journal = {\apj},
         year = 1924,
        month = jul,
       volume = {60},
        pages = {15-21},
          doi = {10.1086/142825},
       adsurl = {https://ui.adsabs.harvard.edu/abs/1924ApJ....60...15R},
      adsnote = {Provided by the SAO/NASA Astrophysics Data System}
}


@ARTICLE{1924ApJ....60...22M,
       author = {{McLaughlin}, D.~B.},
        title = "{Some results of a spectrographic study of the Algol system.}",
      journal = {\apj},
         year = 1924,
        month = jul,
       volume = {60},
        pages = {22-31},
          doi = {10.1086/142826},
       adsurl = {https://ui.adsabs.harvard.edu/abs/1924ApJ....60...22M},
      adsnote = {Provided by the SAO/NASA Astrophysics Data System}
}



@ARTICLE{2021A&A...645A..96P,
       author = {{Pepe}, F. and {Cristiani}, S. and {Rebolo}, R. and {Santos}, N.~C. and {Dekker}, H. and {Cabral}, A. and {Di Marcantonio}, P. and {Figueira}, P. and {Lo Curto}, G. and {Lovis}, C. and {Mayor}, M. and {M{\'e}gevand}, D. and {Molaro}, P. and {Riva}, M. and {Zapatero Osorio}, M.~R. and {Amate}, M. and {Manescau}, A. and {Pasquini}, L. and {Zerbi}, F.~M. and {Adibekyan}, V. and {Abreu}, M. and {Affolter}, M. and {Alibert}, Y. and {Aliverti}, M. and {Allart}, R. and {Allende Prieto}, C. and {{\'A}lvarez}, D. and {Alves}, D. and {Avila}, G. and {Baldini}, V. and {Bandy}, T. and {Barros}, S.~C.~C. and {Benz}, W. and {Bianco}, A. and {Borsa}, F. and {Bourrier}, V. and {Bouchy}, F. and {Broeg}, C. and {Calderone}, G. and {Cirami}, R. and {Coelho}, J. and {Conconi}, P. and {Coretti}, I. and {Cumani}, C. and {Cupani}, G. and {D'Odorico}, V. and {Damasso}, M. and {Deiries}, S. and {Delabre}, B. and {Demangeon}, O.~D.~S. and {Dumusque}, X. and {Ehrenreich}, D. and {Faria}, J.~P. and {Fragoso}, A. and {Genolet}, L. and {Genoni}, M. and {G{\'e}nova Santos}, R. and {Gonz{\'a}lez Hern{\'a}ndez}, J.~I. and {Hughes}, I. and {Iwert}, O. and {Kerber}, F. and {Knudstrup}, J. and {Landoni}, M. and {Lavie}, B. and {Lillo-Box}, J. and {Lizon}, J. -L. and {Maire}, C. and {Martins}, C.~J.~A.~P. and {Mehner}, A. and {Micela}, G. and {Modigliani}, A. and {Monteiro}, M.~A. and {Monteiro}, M.~J.~P.~F.~G. and {Moschetti}, M. and {Murphy}, M.~T. and {Nunes}, N. and {Oggioni}, L. and {Oliveira}, A. and {Oshagh}, M. and {Pall{\'e}}, E. and {Pariani}, G. and {Poretti}, E. and {Rasilla}, J.~L. and {Rebord{\~a}o}, J. and {Redaelli}, E.~M. and {Santana Tschudi}, S. and {Santin}, P. and {Santos}, P. and {S{\'e}gransan}, D. and {Schmidt}, T.~M. and {Segovia}, A. and {Sosnowska}, D. and {Sozzetti}, A. and {Sousa}, S.~G. and {Span{\`o}}, P. and {Su{\'a}rez Mascare{\~n}o}, A. and {Tabernero}, H. and {Tenegi}, F. and {Udry}, S. and {Zanutta}, A.},
        title = "{ESPRESSO at VLT. On-sky performance and first results}",
      journal = {\aap},
     keywords = {techniques: radial velocities, instrumentation: spectrographs, planets and satellites: atmospheres, planets and satellites: detection, cosmology: miscellaneous, asteroseismology, Astrophysics - Instrumentation and Methods for Astrophysics, Astrophysics - Earth and Planetary Astrophysics},
         year = 2021,
        month = jan,
       volume = {645},
          eid = {A96},
        pages = {A96},
          doi = {10.1051/0004-6361/202038306},
archivePrefix = {arXiv},
       eprint = {2010.00316},
 primaryClass = {astro-ph.IM},
       adsurl = {https://ui.adsabs.harvard.edu/abs/2021A&A...645A..96P},
      adsnote = {Provided by the SAO/NASA Astrophysics Data System}
}

@ARTICLE{2019PNAS..116.9723Z,
       author = {{Zeng}, Li and {Jacobsen}, Stein B. and {Sasselov}, Dimitar D. and {Petaev}, Michail I. and {Vanderburg}, Andrew and {Lopez-Morales}, Mercedes and {Perez-Mercader}, Juan and {Mattsson}, Thomas R. and {Li}, Gongjie and {Heising}, Matthew Z. and {Bonomo}, Aldo S. and {Damasso}, Mario and {Berger}, Travis A. and {Cao}, Hao and {Levi}, Amit and {Wordsworth}, Robin D.},
        title = "{Growth model interpretation of planet size distribution}",
      journal = {Proceedings of the National Academy of Science},
     keywords = {Astrophysics - Earth and Planetary Astrophysics, Physics - Geophysics},
         year = 2019,
        month = may,
       volume = {116},
       number = {20},
        pages = {9723-9728},
          doi = {10.1073/pnas.1812905116},
archivePrefix = {arXiv},
       eprint = {1906.04253},
 primaryClass = {astro-ph.EP},
       adsurl = {https://ui.adsabs.harvard.edu/abs/2019PNAS..116.9723Z},
      adsnote = {Provided by the SAO/NASA Astrophysics Data System}
}



@ARTICLE{2000Icar..143....2B,
       author = {{Bodenheimer}, Peter and {Hubickyj}, Olenka and {Lissauer}, Jack J.},
        title = "{Models of the in Situ Formation of Detected Extrasolar Giant Planets}",
      journal = {\icarus},
     keywords = {Astrophysics - Earth and Planetary Astrophysics},
         year = 2000,
        month = jan,
       volume = {143},
       number = {1},
        pages = {2-14},
          doi = {10.1006/icar.1999.6246},
archivePrefix = {arXiv},
       eprint = {2111.08776},
 primaryClass = {astro-ph.EP},
       adsurl = {https://ui.adsabs.harvard.edu/abs/2000Icar..143....2B},
      adsnote = {Provided by the SAO/NASA Astrophysics Data System}
}

@ARTICLE{2021JGRE..12606629F,
       author = {{Fortney}, Jonathan J. and {Dawson}, Rebekah I. and {Komacek}, Thaddeus D.},
        title = "{Hot Jupiters: Origins, Structure, Atmospheres}",
      journal = {Journal of Geophysical Research (Planets)},
     keywords = {Astrophysics - Earth and Planetary Astrophysics},
         year = 2021,
        month = mar,
       volume = {126},
       number = {3},
          eid = {e06629},
        pages = {e06629},
          doi = {10.1029/2020JE006629},
archivePrefix = {arXiv},
       eprint = {2102.05064},
 primaryClass = {astro-ph.EP},
       adsurl = {https://ui.adsabs.harvard.edu/abs/2021JGRE..12606629F},
      adsnote = {Provided by the SAO/NASA Astrophysics Data System}
}

@ARTICLE{1980A&A....92..167H,
       author = {{Hut}, P.},
        title = "{Stability of tidal equilibrium}",
      journal = {\aap},
     keywords = {Binary Stars, Celestial Mechanics, Dynamic Stability, Stellar Evolution, Stellar Oscillations, Stellar Rotation, Angular Momentum, Equilibrium, Orbital Elements, X Ray Sources, Astronomy},
         year = 1980,
        month = dec,
       volume = {92},
       number = {1-2},
        pages = {167-170},
       adsurl = {https://ui.adsabs.harvard.edu/abs/1980A&A....92..167H},
      adsnote = {Provided by the SAO/NASA Astrophysics Data System}
}

@ARTICLE{2015MNRAS.446.3676A,
       author = {{Adams}, Fred C. and {Bloch}, Anthony M.},
        title = "{On the stability of extrasolar planetary systems and other closely orbiting pairs}",
      journal = {\mnras},
     keywords = {planets and satellites: dynamical evolution and stability, binaries: close, stars: kinematics and dynamics, planetary systems, Astrophysics - Earth and Planetary Astrophysics},
         year = 2015,
        month = feb,
       volume = {446},
       number = {4},
        pages = {3676-3686},
          doi = {10.1093/mnras/stu2397},
archivePrefix = {arXiv},
       eprint = {1411.2859},
 primaryClass = {astro-ph.EP},
       adsurl = {https://ui.adsabs.harvard.edu/abs/2015MNRAS.446.3676A},
      adsnote = {Provided by the SAO/NASA Astrophysics Data System}
}

@ARTICLE{2012ApJ...751..119B,
       author = {{Beaug{\'e}}, C. and {Nesvorn{\'y}}, D.},
        title = "{Multiple-planet Scattering and the Origin of Hot Jupiters}",
      journal = {\apj},
     keywords = {methods: numerical, planets and satellites: general, planet-star interactions, Astrophysics - Earth and Planetary Astrophysics},
         year = 2012,
        month = jun,
       volume = {751},
       number = {2},
          eid = {119},
        pages = {119},
          doi = {10.1088/0004-637X/751/2/119},
archivePrefix = {arXiv},
       eprint = {1110.4392},
 primaryClass = {astro-ph.EP},
       adsurl = {https://ui.adsabs.harvard.edu/abs/2012ApJ...751..119B},
      adsnote = {Provided by the SAO/NASA Astrophysics Data System}
}


@ARTICLE{2017AJ....154..106N,
       author = {{Nelson}, Benjamin E. and {Ford}, Eric B. and {Rasio}, Frederic A.},
        title = "{Evidence for Two Hot-Jupiter Formation Paths}",
      journal = {\aj},
     keywords = {methods: statistical, planetary systems, planets and satellites: formation, planets and satellites: gaseous planets, Astrophysics - Earth and Planetary Astrophysics},
         year = 2017,
        month = sep,
       volume = {154},
       number = {3},
          eid = {106},
        pages = {106},
          doi = {10.3847/1538-3881/aa82b3},
archivePrefix = {arXiv},
       eprint = {1703.09711},
 primaryClass = {astro-ph.EP},
       adsurl = {https://ui.adsabs.harvard.edu/abs/2017AJ....154..106N},
      adsnote = {Provided by the SAO/NASA Astrophysics Data System}
}


@ARTICLE{2021A&A...647A..40A,
       author = {{Attia}, O. and {Bourrier}, V. and {Eggenberger}, P. and {Mordasini}, C. and {Beust}, H. and {Ehrenreich}, D.},
        title = "{The JADE code: Coupling secular exoplanetary dynamics and photo-evaporation}",
      journal = {\aap},
     keywords = {planetary systems, planets and satellites: dynamical evolution and stability, planet-star interactions, planets and satellites: atmospheres, methods: numerical, stars: individual: Gliese 436, Astrophysics - Earth and Planetary Astrophysics, Astrophysics - Instrumentation and Methods for Astrophysics},
         year = 2021,
        month = mar,
       volume = {647},
          eid = {A40},
        pages = {A40},
          doi = {10.1051/0004-6361/202039452},
archivePrefix = {arXiv},
       eprint = {2103.02627},
 primaryClass = {astro-ph.EP},
       adsurl = {https://ui.adsabs.harvard.edu/abs/2021A&A...647A..40A},
      adsnote = {Provided by the SAO/NASA Astrophysics Data System}
}

@ARTICLE{2018Sci...362.1388N,
       author = {{Nortmann}, Lisa and {Pall{\'e}}, Enric and {Salz}, Michael and {Sanz-Forcada}, Jorge and {Nagel}, Evangelos and {Alonso-Floriano}, F. Javier and {Czesla}, Stefan and {Yan}, Fei and {Chen}, Guo and {Snellen}, Ignas A.~G. and {Zechmeister}, Mathias and {Schmitt}, J{\"u}rgen H.~M.~M. and {L{\'o}pez-Puertas}, Manuel and {Casasayas-Barris}, N{\'u}ria and {Bauer}, Florian F. and {Amado}, Pedro J. and {Caballero}, Jos{\'e} A. and {Dreizler}, Stefan and {Henning}, Thomas and {Lamp{\'o}n}, Manuel and {Montes}, David and {Molaverdikhani}, Karan and {Quirrenbach}, Andreas and {Reiners}, Ansgar and {Ribas}, Ignasi and {S{\'a}nchez-L{\'o}pez}, Alejandro and {Schneider}, P. Christian and {Zapatero Osorio}, Mar{\'\i}a R.},
        title = "{Ground-based detection of an extended helium atmosphere in the Saturn-mass exoplanet WASP-69b}",
      journal = {Science},
     keywords = {ASTRONOMY, GEOCHEM PHYS, PLANET SCI, Astrophysics - Earth and Planetary Astrophysics},
         year = 2018,
        month = dec,
       volume = {362},
       number = {6421},
        pages = {1388-1391},
          doi = {10.1126/science.aat5348},
archivePrefix = {arXiv},
       eprint = {1812.03119},
 primaryClass = {astro-ph.EP},
       adsurl = {https://ui.adsabs.harvard.edu/abs/2018Sci...362.1388N},
      adsnote = {Provided by the SAO/NASA Astrophysics Data System}
}

@ARTICLE{2017AJ....154..192G,
       author = {{Giacalone}, Steven and {Matsakos}, Titos and {K{\"o}nigl}, Arieh},
        title = "{A Test of the High-eccentricity Migration Scenario for Close-in Planets}",
      journal = {\aj},
     keywords = {planet-star interactions, planets and satellites: dynamical evolution and stability, planets and satellites: formation, Astrophysics - Earth and Planetary Astrophysics},
         year = 2017,
        month = nov,
       volume = {154},
       number = {5},
          eid = {192},
        pages = {192},
          doi = {10.3847/1538-3881/aa8c04},
archivePrefix = {arXiv},
       eprint = {1708.07543},
 primaryClass = {astro-ph.EP},
       adsurl = {https://ui.adsabs.harvard.edu/abs/2017AJ....154..192G},
      adsnote = {Provided by the SAO/NASA Astrophysics Data System}
}

@ARTICLE{2022AJ....164..234V,
       author = {{Vissapragada}, Shreyas and {Knutson}, Heather A. and {Greklek-McKeon}, Michael and {Oklop{\v{c}}i{\'c}}, Antonija and {Dai}, Fei and {dos Santos}, Leonardo A. and {Jovanovic}, Nemanja and {Mawet}, Dimitri and {Millar-Blanchaer}, Maxwell A. and {Paragas}, Kimberly and {Spake}, Jessica J. and {Tinyanont}, Samaporn and {Vasisht}, Gautam},
        title = "{The Upper Edge of the Neptune Desert Is Stable Against Photoevaporation}",
      journal = {\aj},
     keywords = {Exoplanet astronomy, Exoplanets, Exoplanet evolution, Exoplanet atmospheres, Planetary atmospheres, 486, 498, 491, 487, 1244, Astrophysics - Earth and Planetary Astrophysics},
         year = 2022,
        month = dec,
       volume = {164},
       number = {6},
          eid = {234},
        pages = {234},
          doi = {10.3847/1538-3881/ac92f2},
archivePrefix = {arXiv},
       eprint = {2204.11865},
 primaryClass = {astro-ph.EP},
       adsurl = {https://ui.adsabs.harvard.edu/abs/2022AJ....164..234V},
      adsnote = {Provided by the SAO/NASA Astrophysics Data System}
}

@ARTICLE{2012ApJ...753...90M,
       author = {{Mann}, Andrew W. and {Gaidos}, Eric and {L{\'e}pine}, S{\'e}bastien and {Hilton}, Eric J.},
        title = "{They Might be Giants: Luminosity Class, Planet Occurrence, and Planet-Metallicity Relation of the Coolest Kepler Target Stars}",
      journal = {\apj},
     keywords = {planetary systems, planets and satellites: detection, stars: abundances, stars: fundamental parameters, stars: late-type, Astrophysics - Earth and Planetary Astrophysics, Astrophysics - Solar and Stellar Astrophysics},
         year = 2012,
        month = jul,
       volume = {753},
       number = {1},
          eid = {90},
        pages = {90},
          doi = {10.1088/0004-637X/753/1/90},
archivePrefix = {arXiv},
       eprint = {1202.5394},
 primaryClass = {astro-ph.EP},
       adsurl = {https://ui.adsabs.harvard.edu/abs/2012ApJ...753...90M},
      adsnote = {Provided by the SAO/NASA Astrophysics Data System}
}


@ARTICLE{2013ApJ...766...81F,
       author = {{Fressin}, Fran{\c{c}}ois and {Torres}, Guillermo and {Charbonneau}, David and {Bryson}, Stephen T. and {Christiansen}, Jessie and {Dressing}, Courtney D. and {Jenkins}, Jon M. and {Walkowicz}, Lucianne M. and {Batalha}, Natalie M.},
        title = "{The False Positive Rate of Kepler and the Occurrence of Planets}",
      journal = {\apj},
     keywords = {binaries: eclipsing, methods: data analysis, methods: statistical, planetary systems, Astrophysics - Earth and Planetary Astrophysics},
         year = 2013,
        month = apr,
       volume = {766},
       number = {2},
          eid = {81},
        pages = {81},
          doi = {10.1088/0004-637X/766/2/81},
archivePrefix = {arXiv},
       eprint = {1301.0842},
 primaryClass = {astro-ph.EP},
       adsurl = {https://ui.adsabs.harvard.edu/abs/2013ApJ...766...81F},
      adsnote = {Provided by the SAO/NASA Astrophysics Data System}
}

@ARTICLE{2013ApJ...767L...8K,
       author = {{Kopparapu}, Ravi Kumar},
        title = "{A Revised Estimate of the Occurrence Rate of Terrestrial Planets in the Habitable Zones around Kepler M-dwarfs}",
      journal = {\apjl},
     keywords = {planets and satellites: atmospheres, Astrophysics - Earth and Planetary Astrophysics},
         year = 2013,
        month = apr,
       volume = {767},
       number = {1},
          eid = {L8},
        pages = {L8},
          doi = {10.1088/2041-8205/767/1/L8},
archivePrefix = {arXiv},
       eprint = {1303.2649},
 primaryClass = {astro-ph.EP},
       adsurl = {https://ui.adsabs.harvard.edu/abs/2013ApJ...767L...8K},
      adsnote = {Provided by the SAO/NASA Astrophysics Data System}
}

@ARTICLE{2011ApJ...742...38Y,
       author = {{Youdin}, Andrew N.},
        title = "{The Exoplanet Census: A General Method Applied to Kepler}",
      journal = {\apj},
     keywords = {methods: statistical, planetary systems, planets and satellites: detection, planets and satellites: dynamical evolution and stability, planets and satellites: formation, Astrophysics - Earth and Planetary Astrophysics, Astrophysics - Solar and Stellar Astrophysics},
         year = 2011,
        month = nov,
       volume = {742},
       number = {1},
          eid = {38},
        pages = {38},
          doi = {10.1088/0004-637X/742/1/38},
archivePrefix = {arXiv},
       eprint = {1105.1782},
 primaryClass = {astro-ph.EP},
       adsurl = {https://ui.adsabs.harvard.edu/abs/2011ApJ...742...38Y},
      adsnote = {Provided by the SAO/NASA Astrophysics Data System}
}


@ARTICLE{2014ApJ...795...64F,
       author = {{Foreman-Mackey}, Daniel and {Hogg}, David W. and {Morton}, Timothy D.},
        title = "{Exoplanet Population Inference and the Abundance of Earth Analogs from Noisy, Incomplete Catalogs}",
      journal = {\apj},
     keywords = {catalogs, methods: data analysis, methods: statistical, planetary systems, stars: statistics, Astrophysics - Earth and Planetary Astrophysics, Astrophysics - Instrumentation and Methods for Astrophysics},
         year = 2014,
        month = nov,
       volume = {795},
       number = {1},
          eid = {64},
        pages = {64},
          doi = {10.1088/0004-637X/795/1/64},
archivePrefix = {arXiv},
       eprint = {1406.3020},
 primaryClass = {astro-ph.EP},
       adsurl = {https://ui.adsabs.harvard.edu/abs/2014ApJ...795...64F},
      adsnote = {Provided by the SAO/NASA Astrophysics Data System}
}

@ARTICLE{2018AJ....155..205H,
       author = {{Hsu}, Danley C. and {Ford}, Eric B. and {Ragozzine}, Darin and {Morehead}, Robert C.},
        title = "{Improving the Accuracy of Planet Occurrence Rates from Kepler Using Approximate Bayesian Computation}",
      journal = {\aj},
     keywords = {catalogs, methods: data analysis, methods: statistical, planetary systems, stars: statistics, Astrophysics - Earth and Planetary Astrophysics},
         year = 2018,
        month = may,
       volume = {155},
       number = {5},
          eid = {205},
        pages = {205},
          doi = {10.3847/1538-3881/aab9a8},
archivePrefix = {arXiv},
       eprint = {1803.10787},
 primaryClass = {astro-ph.EP},
       adsurl = {https://ui.adsabs.harvard.edu/abs/2018AJ....155..205H},
      adsnote = {Provided by the SAO/NASA Astrophysics Data System}
}

@ARTICLE{2017A&A...606A..75C,
       author = {{Cabrera}, J. and {Barros}, S.~C.~C. and {Armstrong}, D. and {Hidalgo}, D. and {Santos}, N.~C. and {Almenara}, J.~M. and {Alonso}, R. and {Deleuil}, M. and {Demangeon}, O. and {D{\'\i}az}, R.~F. and {Lendl}, M. and {Pfaff}, J. and {Rauer}, H. and {Santerne}, A. and {Serrano}, L.~M. and {Zucker}, S.},
        title = "{Disproving the validated planets K2-78b, K2-82b, and K2-92b. The importance of independently confirming planetary candidates}",
      journal = {\aap},
     keywords = {methods: data analysis, techniques: photometric, eclipses, planets and satellites: detection, Astrophysics - Instrumentation and Methods for Astrophysics, Astrophysics - Earth and Planetary Astrophysics},
         year = 2017,
        month = oct,
       volume = {606},
          eid = {A75},
        pages = {A75},
          doi = {10.1051/0004-6361/201731233},
archivePrefix = {arXiv},
       eprint = {1707.08007},
 primaryClass = {astro-ph.IM},
       adsurl = {https://ui.adsabs.harvard.edu/abs/2017A&A...606A..75C},
      adsnote = {Provided by the SAO/NASA Astrophysics Data System}
}

@ARTICLE{2017ApJ...847L..18S,
       author = {{Shporer}, Avi and {Zhou}, George and {Vanderburg}, Andrew and {Fulton}, Benjamin J. and {Isaacson}, Howard and {Bieryla}, Allyson and {Torres}, Guillermo and {Morton}, Timothy D. and {Bento}, Joao and {Berlind}, Perry and {Calkins}, Michael L. and {Esquerdo}, Gilbert A. and {Howard}, Andrew W. and {Latham}, David W.},
        title = "{Three Statistically Validated K2 Transiting Warm Jupiter Exoplanets Confirmed as Low-mass Stars}",
      journal = {\apjl},
     keywords = {binaries: eclipsing, stars: individual: K2-51, EPIC 202900527, K2-67, EPIC 206155547, K2-76, EPIC 206432863, Astrophysics - Solar and Stellar Astrophysics},
         year = 2017,
        month = oct,
       volume = {847},
       number = {2},
          eid = {L18},
        pages = {L18},
          doi = {10.3847/2041-8213/aa8bff},
archivePrefix = {arXiv},
       eprint = {1708.08455},
 primaryClass = {astro-ph.SR},
       adsurl = {https://ui.adsabs.harvard.edu/abs/2017ApJ...847L..18S},
      adsnote = {Provided by the SAO/NASA Astrophysics Data System}
}


@ARTICLE{2024A&A...684A..22P,
       author = {{Passegger}, V.~M. and {Su{\'a}rez Mascare{\~n}o}, A. and {Allart}, R. and {Gonz{\'a}lez Hern{\'a}ndez}, J.~I. and {Lovis}, C. and {Lavie}, B. and {Silva}, A.~M. and {M{\"u}ller}, H.~M. and {Tabernero}, H.~M. and {Cristiani}, S. and {Pepe}, F. and {Rebolo}, R. and {Santos}, N.~C. and {Adibekyan}, V. and {Alibert}, Y. and {Allende Prieto}, C. and {Barros}, S.~C.~C. and {Bouchy}, F. and {Castro-Gonz{\'a}lez}, A. and {D'Odorico}, V. and {Dumusque}, X. and {Di Marcantonio}, P. and {Ehrenreich}, D. and {Figueira}, P. and {G{\'e}nova Santos}, R. and {Lo Curto}, G. and {Martins}, C.~J.~A.~P. and {Mehner}, A. and {Micela}, G. and {Molaro}, P. and {Nari}, N. and {Nunes}, N.~J. and {Pall{\'e}}, E. and {Poretti}, E. and {Rodrigues}, J. and {Sousa}, S.~G. and {Sozzetti}, A. and {Udry}, S. and {Zapatero Osorio}, M.~R.},
        title = "{The compact multi-planet system GJ 9827 revisited with ESPRESSO★}",
      journal = {\aap},
     keywords = {methods: data analysis, techniques: photometric, techniques: radial velocities, techniques: spectroscopic, stars: fundamental parameters, stars: individual: GJ 9827, Astrophysics - Earth and Planetary Astrophysics, Astrophysics - Solar and Stellar Astrophysics},
         year = 2024,
        month = apr,
       volume = {684},
          eid = {A22},
        pages = {A22},
          doi = {10.1051/0004-6361/202348592},
archivePrefix = {arXiv},
       eprint = {2401.06276},
 primaryClass = {astro-ph.EP},
       adsurl = {https://ui.adsabs.harvard.edu/abs/2024A&A...684A..22P},
      adsnote = {Provided by the SAO/NASA Astrophysics Data System}
}

@ARTICLE{2020A&A...640A..48L,
       author = {{Lillo-Box}, J. and {Lopez}, T.~A. and {Santerne}, A. and {Nielsen}, L.~D. and {Barros}, S.~C.~C. and {Deleuil}, M. and {Acu{\~n}a}, L. and {Mousis}, O. and {Sousa}, S.~G. and {Adibekyan}, V. and {Armstrong}, D.~J. and {Barrado}, D. and {Bayliss}, D. and {Brown}, D.~J.~A. and {Demangeon}, O.~D.~S. and {Dumusque}, X. and {Figueira}, P. and {Hojjatpanah}, S. and {Osborn}, H.~P. and {Santos}, N.~C. and {Udry}, S.},
        title = "{Masses for the seven planets in K2-32 and K2-233. Four diverse planets in resonant chain and the first young rocky worlds}",
      journal = {\aap},
     keywords = {planets and satellites: terrestrial planets, planets and satellites: composition, techniques: radial velocities, techniques: photometric, Astrophysics - Earth and Planetary Astrophysics},
         year = 2020,
        month = aug,
       volume = {640},
          eid = {A48},
        pages = {A48},
          doi = {10.1051/0004-6361/202037896},
archivePrefix = {arXiv},
       eprint = {2006.01102},
 primaryClass = {astro-ph.EP},
       adsurl = {https://ui.adsabs.harvard.edu/abs/2020A&A...640A..48L},
      adsnote = {Provided by the SAO/NASA Astrophysics Data System}
}

@ARTICLE{2023AJ....166...49D,
       author = {{Dai}, Fei and {Schlaufman}, Kevin C. and {Reggiani}, Henrique and {Bouma}, Luke and {Howard}, Andrew W. and {Chontos}, Ashley and {Pidhorodetska}, Daria and {Van Zandt}, Judah and {Akana Murphy}, Joseph M. and {Rubenzahl}, Ryan A. and {Polanski}, Alex S. and {Lubin}, Jack and {Beard}, Corey and {Giacalone}, Steven and {Holcomb}, Rae and {Batalha}, Natalie M. and {Crossfield}, Ian and {Dressing}, Courtney and {Fulton}, Benjamin and {Huber}, Daniel and {Isaacson}, Howard and {Kane}, Stephen R. and {Petigura}, Erik A. and {Robertson}, Paul and {Weiss}, Lauren M. and {Belinski}, Alexander A. and {Boyle}, Andrew W. and {Burke}, Christopher J. and {Castro-Gonz{\'a}lez}, Amadeo and {Ciardi}, David R. and {Daylan}, Tansu and {Fukui}, Akihiko and {Gill}, Holden and {Guerrero}, Natalia M. and {Hellier}, Coel and {Howell}, Steve B. and {Lillo-Box}, Jorge and {Murgas}, Felipe and {Narita}, Norio and {Pall{\'e}}, Enric and {Rodriguez}, David R. and {Savel}, Arjun B. and {Shporer}, Avi and {Stassun}, Keivan G. and {Striegel}, Stephanie and {Caldwell}, Douglas A. and {Jenkins}, Jon M. and {Ricker}, George R. and {Seager}, Sara and {Vanderspek}, Roland and {Winn}, Joshua N.},
        title = "{A Mini-Neptune Orbiting the Metal-poor K Dwarf BD+29 2654}",
      journal = {\aj},
     keywords = {Exoplanets, Mini Neptunes, Ocean planets, 498, 1063, 1151, Astrophysics - Earth and Planetary Astrophysics, Astrophysics - Solar and Stellar Astrophysics},
         year = 2023,
        month = aug,
       volume = {166},
       number = {2},
          eid = {49},
        pages = {49},
          doi = {10.3847/1538-3881/acdee8},
archivePrefix = {arXiv},
       eprint = {2306.08179},
 primaryClass = {astro-ph.EP},
       adsurl = {https://ui.adsabs.harvard.edu/abs/2023AJ....166...49D},
      adsnote = {Provided by the SAO/NASA Astrophysics Data System}
}

@ARTICLE{2020NatMe..17..261V,
       author = {{Virtanen}, Pauli and {Gommers}, Ralf and {Oliphant}, Travis E. and {Haberland}, Matt and {Reddy}, Tyler and {Cournapeau}, David and {Burovski}, Evgeni and {Peterson}, Pearu and {Weckesser}, Warren and {Bright}, Jonathan and {van der Walt}, St{\'e}fan J. and {Brett}, Matthew and {Wilson}, Joshua and {Millman}, K. Jarrod and {Mayorov}, Nikolay and {Nelson}, Andrew R.~J. and {Jones}, Eric and {Kern}, Robert and {Larson}, Eric and {Carey}, C.~J. and {Polat}, {\.I}lhan and {Feng}, Yu and {Moore}, Eric W. and {VanderPlas}, Jake and {Laxalde}, Denis and {Perktold}, Josef and {Cimrman}, Robert and {Henriksen}, Ian and {Quintero}, E.~A. and {Harris}, Charles R. and {Archibald}, Anne M. and {Ribeiro}, Ant{\^o}nio H. and {Pedregosa}, Fabian and {van Mulbregt}, Paul and {SciPy 1. 0 Contributors}},
        title = "{SciPy 1.0: fundamental algorithms for scientific computing in Python}",
      journal = {Nature Methods},
     keywords = {Computer Science - Mathematical Software, Computer Science - Data Structures and Algorithms, Computer Science - Software Engineering, Physics - Computational Physics},
         year = 2020,
        month = feb,
       volume = {17},
        pages = {261-272},
          doi = {10.1038/s41592-019-0686-2},
archivePrefix = {arXiv},
       eprint = {1907.10121},
 primaryClass = {cs.MS},
       adsurl = {https://ui.adsabs.harvard.edu/abs/2020NatMe..17..261V},
      adsnote = {Provided by the SAO/NASA Astrophysics Data System}
}

@ARTICLE{2020Natur.585..357H,
       author = {{Harris}, Charles R. and {Millman}, K. Jarrod and {van der Walt}, St{\'e}fan J. and {Gommers}, Ralf and {Virtanen}, Pauli and {Cournapeau}, David and {Wieser}, Eric and {Taylor}, Julian and {Berg}, Sebastian and {Smith}, Nathaniel J. and {Kern}, Robert and {Picus}, Matti and {Hoyer}, Stephan and {van Kerkwijk}, Marten H. and {Brett}, Matthew and {Haldane}, Allan and {del R{\'\i}o}, Jaime Fern{\'a}ndez and {Wiebe}, Mark and {Peterson}, Pearu and {G{\'e}rard-Marchant}, Pierre and {Sheppard}, Kevin and {Reddy}, Tyler and {Weckesser}, Warren and {Abbasi}, Hameer and {Gohlke}, Christoph and {Oliphant}, Travis E.},
        title = "{Array programming with NumPy}",
      journal = {\nat},
     keywords = {Computer Science - Mathematical Software, Statistics - Computation},
         year = 2020,
        month = sep,
       volume = {585},
       number = {7825},
        pages = {357-362},
          doi = {10.1038/s41586-020-2649-2},
archivePrefix = {arXiv},
       eprint = {2006.10256},
 primaryClass = {cs.MS},
       adsurl = {https://ui.adsabs.harvard.edu/abs/2020Natur.585..357H},
      adsnote = {Provided by the SAO/NASA Astrophysics Data System}
}

@ARTICLE{2022ApJ...935..167A,
       author = {{Astropy Collaboration} and {Price-Whelan}, Adrian M. and {Lim}, Pey Lian and {Earl}, Nicholas and {Starkman}, Nathaniel and {Bradley}, Larry and {Shupe}, David L. and {Patil}, Aarya A. and {Corrales}, Lia and {Brasseur}, C.~E. and {N{\"o}the}, Maximilian and {Donath}, Axel and {Tollerud}, Erik and {Morris}, Brett M. and {Ginsburg}, Adam and {Vaher}, Eero and {Weaver}, Benjamin A. and {Tocknell}, James and {Jamieson}, William and {van Kerkwijk}, Marten H. and {Robitaille}, Thomas P. and {Merry}, Bruce and {Bachetti}, Matteo and {G{\"u}nther}, H. Moritz and {Aldcroft}, Thomas L. and {Alvarado-Montes}, Jaime A. and {Archibald}, Anne M. and {B{\'o}di}, Attila and {Bapat}, Shreyas and {Barentsen}, Geert and {Baz{\'a}n}, Juanjo and {Biswas}, Manish and {Boquien}, M{\'e}d{\'e}ric and {Burke}, D.~J. and {Cara}, Daria and {Cara}, Mihai and {Conroy}, Kyle E. and {Conseil}, Simon and {Craig}, Matthew W. and {Cross}, Robert M. and {Cruz}, Kelle L. and {D'Eugenio}, Francesco and {Dencheva}, Nadia and {Devillepoix}, Hadrien A.~R. and {Dietrich}, J{\"o}rg P. and {Eigenbrot}, Arthur Davis and {Erben}, Thomas and {Ferreira}, Leonardo and {Foreman-Mackey}, Daniel and {Fox}, Ryan and {Freij}, Nabil and {Garg}, Suyog and {Geda}, Robel and {Glattly}, Lauren and {Gondhalekar}, Yash and {Gordon}, Karl D. and {Grant}, David and {Greenfield}, Perry and {Groener}, Austen M. and {Guest}, Steve and {Gurovich}, Sebastian and {Handberg}, Rasmus and {Hart}, Akeem and {Hatfield-Dodds}, Zac and {Homeier}, Derek and {Hosseinzadeh}, Griffin and {Jenness}, Tim and {Jones}, Craig K. and {Joseph}, Prajwel and {Kalmbach}, J. Bryce and {Karamehmetoglu}, Emir and {Ka{\l}uszy{\'n}ski}, Miko{\l}aj and {Kelley}, Michael S.~P. and {Kern}, Nicholas and {Kerzendorf}, Wolfgang E. and {Koch}, Eric W. and {Kulumani}, Shankar and {Lee}, Antony and {Ly}, Chun and {Ma}, Zhiyuan and {MacBride}, Conor and {Maljaars}, Jakob M. and {Muna}, Demitri and {Murphy}, N.~A. and {Norman}, Henrik and {O'Steen}, Richard and {Oman}, Kyle A. and {Pacifici}, Camilla and {Pascual}, Sergio and {Pascual-Granado}, J. and {Patil}, Rohit R. and {Perren}, Gabriel I. and {Pickering}, Timothy E. and {Rastogi}, Tanuj and {Roulston}, Benjamin R. and {Ryan}, Daniel F. and {Rykoff}, Eli S. and {Sabater}, Jose and {Sakurikar}, Parikshit and {Salgado}, Jes{\'u}s and {Sanghi}, Aniket and {Saunders}, Nicholas and {Savchenko}, Volodymyr and {Schwardt}, Ludwig and {Seifert-Eckert}, Michael and {Shih}, Albert Y. and {Jain}, Anany Shrey and {Shukla}, Gyanendra and {Sick}, Jonathan and {Simpson}, Chris and {Singanamalla}, Sudheesh and {Singer}, Leo P. and {Singhal}, Jaladh and {Sinha}, Manodeep and {Sip{\H{o}}cz}, Brigitta M. and {Spitler}, Lee R. and {Stansby}, David and {Streicher}, Ole and {{\v{S}}umak}, Jani and {Swinbank}, John D. and {Taranu}, Dan S. and {Tewary}, Nikita and {Tremblay}, Grant R. and {de Val-Borro}, Miguel and {Van Kooten}, Samuel J. and {Vasovi{\'c}}, Zlatan and {Verma}, Shresth and {de Miranda Cardoso}, Jos{\'e} Vin{\'\i}cius and {Williams}, Peter K.~G. and {Wilson}, Tom J. and {Winkel}, Benjamin and {Wood-Vasey}, W.~M. and {Xue}, Rui and {Yoachim}, Peter and {Zhang}, Chen and {Zonca}, Andrea and {Astropy Project Contributors}},
        title = "{The Astropy Project: Sustaining and Growing a Community-oriented Open-source Project and the Latest Major Release (v5.0) of the Core Package}",
      journal = {\apj},
     keywords = {Astronomy software, Open source software, Astronomy data analysis, 1855, 1866, 1858, Astrophysics - Instrumentation and Methods for Astrophysics},
         year = 2022,
        month = aug,
       volume = {935},
       number = {2},
          eid = {167},
        pages = {167},
          doi = {10.3847/1538-4357/ac7c74},
archivePrefix = {arXiv},
       eprint = {2206.14220},
 primaryClass = {astro-ph.IM},
       adsurl = {https://ui.adsabs.harvard.edu/abs/2022ApJ...935..167A},
      adsnote = {Provided by the SAO/NASA Astrophysics Data System}
}

@ARTICLE{2007CSE.....9...90H,
       author = {{Hunter}, John D.},
        title = "{Matplotlib: A 2D Graphics Environment}",
      journal = {Computing in Science and Engineering},
     keywords = {Python, Scripting languages, Application development, Scientific programming},
         year = 2007,
        month = may,
       volume = {9},
       number = {3},
        pages = {90-95},
          doi = {10.1109/MCSE.2007.55},
       adsurl = {https://ui.adsabs.harvard.edu/abs/2007CSE.....9...90H},
      adsnote = {Provided by the SAO/NASA Astrophysics Data System}
}

@ARTICLE{2000A&AS..143....9W,
       author = {{Wenger}, M. and {Ochsenbein}, F. and {Egret}, D. and {Dubois}, P. and {Bonnarel}, F. and {Borde}, S. and {Genova}, F. and {Jasniewicz}, G. and {Lalo{\"e}}, S. and {Lesteven}, S. and {Monier}, R.},
        title = "{The SIMBAD astronomical database. The CDS reference database for astronomical objects}",
      journal = {\aaps},
     keywords = {ASTRONOMICAL DATA BASES: MISCELLANEOUS, CATALOGS, Astrophysics},
         year = 2000,
        month = apr,
       volume = {143},
        pages = {9-22},
          doi = {10.1051/aas:2000332},
archivePrefix = {arXiv},
       eprint = {astro-ph/0002110},
 primaryClass = {astro-ph},
       adsurl = {https://ui.adsabs.harvard.edu/abs/2000A&AS..143....9W},
      adsnote = {Provided by the SAO/NASA Astrophysics Data System}
}

@ARTICLE{2011CeMDA.111..105C,
       author = {{Correia}, Alexandre C.~M. and {Laskar}, Jacques and {Farago}, Fran{\c{c}}ois and {Bou{\'e}}, Gwena{\"e}l},
        title = "{Tidal evolution of hierarchical and inclined systems}",
      journal = {Celestial Mechanics and Dynamical Astronomy},
     keywords = {Restricted problems, Extended body, Dissipative forces, Planetary systems, Rotation, HD 11964, HD 80606, HD 98800, Astrophysics - Earth and Planetary Astrophysics, Astrophysics - Solar and Stellar Astrophysics, Mathematics - Dynamical Systems, Nonlinear Sciences - Chaotic Dynamics},
         year = 2011,
        month = oct,
       volume = {111},
       number = {1-2},
        pages = {105-130},
          doi = {10.1007/s10569-011-9368-9},
archivePrefix = {arXiv},
       eprint = {1107.0736},
 primaryClass = {astro-ph.EP},
       adsurl = {https://ui.adsabs.harvard.edu/abs/2011CeMDA.111..105C},
      adsnote = {Provided by the SAO/NASA Astrophysics Data System}
}

@ARTICLE{2024arXiv240518899F,
       author = {{Farret Jentink}, Casper and {Pepe}, Francesco and {Lovis}, Christophe and {Bovay}, S{\'e}bastien and {Wildi}, Fran{\c{c}}ois and {Chazelas}, Bruno and {Sordet}, Micha{\"e}l and {Artigau}, {\'E}tienne and {Doyon}, Ren{\'e} and {Baron}, Fr{\'e}d{\'e}rique and {Bourrier}, Vincent and {Allart}, Romain and {Cochard}, Fran{\c{c}}ois},
        title = "{The Near-Infrared Gatherer of Helium Transits (NIGHT)}",
      journal = {arXiv e-prints},
     keywords = {Astrophysics - Instrumentation and Methods for Astrophysics, Astrophysics - Earth and Planetary Astrophysics},
         year = 2024,
        month = may,
          eid = {arXiv:2405.18899},
        pages = {arXiv:2405.18899},
archivePrefix = {arXiv},
       eprint = {2405.18899},
 primaryClass = {astro-ph.IM},
       adsurl = {https://ui.adsabs.harvard.edu/abs/2024arXiv240518899F},
      adsnote = {Provided by the SAO/NASA Astrophysics Data System}
}



@ARTICLE{2020AJ....159..279B,
       author = {{Bryson}, S. and {Coughlin}, J. and {Batalha}, N.~M. and {Berger}, T. and {Huber}, D. and {Burke}, C. and {Dotson}, J. and {Mullally}, S.~E.},
        title = "{A Probabilistic Approach to Kepler Completeness and Reliability for Exoplanet Occurrence Rates}",
      journal = {\aj},
     keywords = {Exoplanet catalogs, Exoplanets, Exoplanet detection methods, 488, 498, 489, Astrophysics - Earth and Planetary Astrophysics, Astrophysics - Instrumentation and Methods for Astrophysics},
         year = 2020,
        month = jun,
       volume = {159},
       number = {6},
          eid = {279},
        pages = {279},
          doi = {10.3847/1538-3881/ab8a30},
archivePrefix = {arXiv},
       eprint = {1906.03575},
 primaryClass = {astro-ph.EP},
       adsurl = {https://ui.adsabs.harvard.edu/abs/2020AJ....159..279B},
      adsnote = {Provided by the SAO/NASA Astrophysics Data System}
}


@ARTICLE{2018AJ....156...24M,
       author = {{Mulders}, Gijs D. and {Pascucci}, Ilaria and {Apai}, D{\'a}niel and {Ciesla}, Fred J.},
        title = "{The Exoplanet Population Observation Simulator. I. The Inner Edges of Planetary Systems}",
      journal = {\aj},
     keywords = {methods: statistical, planetary systems, planets and satellites: formation, protoplanetary disks, surveys, Astrophysics - Earth and Planetary Astrophysics, Astrophysics - Solar and Stellar Astrophysics},
         year = 2018,
        month = jul,
       volume = {156},
       number = {1},
          eid = {24},
        pages = {24},
          doi = {10.3847/1538-3881/aac5ea},
archivePrefix = {arXiv},
       eprint = {1805.08211},
 primaryClass = {astro-ph.EP},
       adsurl = {https://ui.adsabs.harvard.edu/abs/2018AJ....156...24M},
      adsnote = {Provided by the SAO/NASA Astrophysics Data System}
}


@ARTICLE{2015ApJ...798..112M,
       author = {{Mulders}, Gijs D. and {Pascucci}, Ilaria and {Apai}, D{\'a}niel},
        title = "{A Stellar-mass-dependent Drop in Planet Occurrence Rates}",
      journal = {\apj},
     keywords = {planetary systems, planet-star interactions, planets and satellites: formation, protoplanetary disks, stars: low-mass, Astrophysics - Earth and Planetary Astrophysics},
         year = 2015,
        month = jan,
       volume = {798},
       number = {2},
          eid = {112},
        pages = {112},
          doi = {10.1088/0004-637X/798/2/112},
archivePrefix = {arXiv},
       eprint = {1406.7356},
 primaryClass = {astro-ph.EP},
       adsurl = {https://ui.adsabs.harvard.edu/abs/2015ApJ...798..112M},
      adsnote = {Provided by the SAO/NASA Astrophysics Data System}
}


@ARTICLE{2014ApJ...791...10M,
       author = {{Morton}, Timothy D. and {Swift}, Jonathan},
        title = "{The Radius Distribution of Planets around Cool Stars}",
      journal = {\apj},
     keywords = {methods: statistical, planets and satellites: fundamental parameters, Astrophysics - Earth and Planetary Astrophysics},
         year = 2014,
        month = aug,
       volume = {791},
       number = {1},
          eid = {10},
        pages = {10},
          doi = {10.1088/0004-637X/791/1/10},
archivePrefix = {arXiv},
       eprint = {1303.3013},
 primaryClass = {astro-ph.EP},
       adsurl = {https://ui.adsabs.harvard.edu/abs/2014ApJ...791...10M},
      adsnote = {Provided by the SAO/NASA Astrophysics Data System}
}

@ARTICLE{2018ApJS..235...38T,
       author = {{Thompson}, Susan E. and {Coughlin}, Jeffrey L. and {Hoffman}, Kelsey and {Mullally}, Fergal and {Christiansen}, Jessie L. and {Burke}, Christopher J. and {Bryson}, Steve and {Batalha}, Natalie and {Haas}, Michael R. and {Catanzarite}, Joseph and {Rowe}, Jason F. and {Barentsen}, Geert and {Caldwell}, Douglas A. and {Clarke}, Bruce D. and {Jenkins}, Jon M. and {Li}, Jie and {Latham}, David W. and {Lissauer}, Jack J. and {Mathur}, Savita and {Morris}, Robert L. and {Seader}, Shawn E. and {Smith}, Jeffrey C. and {Klaus}, Todd C. and {Twicken}, Joseph D. and {Van Cleve}, Jeffrey E. and {Wohler}, Bill and {Akeson}, Rachel and {Ciardi}, David R. and {Cochran}, William D. and {Henze}, Christopher E. and {Howell}, Steve B. and {Huber}, Daniel and {Pr{\v{s}}a}, Andrej and {Ram{\'\i}rez}, Solange V. and {Morton}, Timothy D. and {Barclay}, Thomas and {Campbell}, Jennifer R. and {Chaplin}, William J. and {Charbonneau}, David and {Christensen-Dalsgaard}, J{\o}rgen and {Dotson}, Jessie L. and {Doyle}, Laurance and {Dunham}, Edward W. and {Dupree}, Andrea K. and {Ford}, Eric B. and {Geary}, John C. and {Girouard}, Forrest R. and {Isaacson}, Howard and {Kjeldsen}, Hans and {Quintana}, Elisa V. and {Ragozzine}, Darin and {Shabram}, Megan and {Shporer}, Avi and {Silva Aguirre}, Victor and {Steffen}, Jason H. and {Still}, Martin and {Tenenbaum}, Peter and {Welsh}, William F. and {Wolfgang}, Angie and {Zamudio}, Khadeejah A. and {Koch}, David G. and {Borucki}, William J.},
        title = "{Planetary Candidates Observed by Kepler. VIII. A Fully Automated Catalog with Measured Completeness and Reliability Based on Data Release 25}",
      journal = {\apjs},
     keywords = {catalogs, planetary systems, stars: general, surveys, Astrophysics - Earth and Planetary Astrophysics},
         year = 2018,
        month = apr,
       volume = {235},
       number = {2},
          eid = {38},
        pages = {38},
          doi = {10.3847/1538-4365/aab4f9},
archivePrefix = {arXiv},
       eprint = {1710.06758},
 primaryClass = {astro-ph.EP},
       adsurl = {https://ui.adsabs.harvard.edu/abs/2018ApJS..235...38T},
      adsnote = {Provided by the SAO/NASA Astrophysics Data System}
}

@ARTICLE{2020AJ....160..159C,
       author = {{Christiansen}, Jessie L. and {Clarke}, Bruce D. and {Burke}, Christopher J. and {Jenkins}, Jon M. and {Bryson}, Stephen T. and {Coughlin}, Jeffrey L. and {Mullally}, Susan E. and {Twicken}, Joseph D. and {Batalha}, Natalie M. and {Catanzarite}, Joseph and {Uddin}, AKM Kamal and {Zamudio}, Khadeejah and {Smith}, Jeffrey C. and {Henze}, Christopher E. and {Campbell}, Jennifer},
        title = "{Measuring Transit Signal Recovery in the Kepler Pipeline. IV. Completeness of the DR25 Planet Candidate Catalog}",
      journal = {\aj},
     keywords = {Exoplanet astronomy, Exoplanet catalogs, Exoplanet detection methods, 486, 488, 489, Astrophysics - Earth and Planetary Astrophysics, Astrophysics - Solar and Stellar Astrophysics},
         year = 2020,
        month = oct,
       volume = {160},
       number = {4},
          eid = {159},
        pages = {159},
          doi = {10.3847/1538-3881/abab0b},
archivePrefix = {arXiv},
       eprint = {2010.04796},
 primaryClass = {astro-ph.EP},
       adsurl = {https://ui.adsabs.harvard.edu/abs/2020AJ....160..159C},
      adsnote = {Provided by the SAO/NASA Astrophysics Data System}
}

@ARTICLE{2023AJ....166..122D,
       author = {{Dattilo}, Anne and {Batalha}, Natalie M. and {Bryson}, Steve},
        title = "{A Unified Treatment of Kepler Occurrence to Trace Planet Evolution. I. Methodology}",
      journal = {\aj},
     keywords = {Exoplanets, Exoplanet formation, Exoplanet astronomy, Exoplanet evolution, Transit photometry, 498, 492, 486, 491, 1709, Astrophysics - Earth and Planetary Astrophysics},
         year = 2023,
        month = sep,
       volume = {166},
       number = {3},
          eid = {122},
        pages = {122},
          doi = {10.3847/1538-3881/acebc8},
archivePrefix = {arXiv},
       eprint = {2308.00103},
 primaryClass = {astro-ph.EP},
       adsurl = {https://ui.adsabs.harvard.edu/abs/2023AJ....166..122D},
      adsnote = {Provided by the SAO/NASA Astrophysics Data System}
}


@ARTICLE{2007ARA&A..45..397U,
       author = {{Udry}, St{\'e}phane and {Santos}, Nuno C.},
        title = "{Statistical Properties of Exoplanets}",
      journal = {\araa},
         year = 2007,
        month = sep,
       volume = {45},
       number = {1},
        pages = {397-439},
          doi = {10.1146/annurev.astro.45.051806.110529},
       adsurl = {https://ui.adsabs.harvard.edu/abs/2007ARA&A..45..397U},
      adsnote = {Provided by the SAO/NASA Astrophysics Data System}
}

@ARTICLE{2024AJ....167..288D,
       author = {{Dattilo}, Anne and {Batalha}, Natalie M.},
        title = "{A Unified Treatment of Kepler Occurrence to Trace Planet Evolution. II. The Radius Cliff Formed by Atmospheric Escape}",
      journal = {\aj},
     keywords = {Exoplanets, Exoplanet evolution, Exoplanet atmospheric evolution, 498, 491, 2308, Astrophysics - Earth and Planetary Astrophysics},
         year = 2024,
        month = jun,
       volume = {167},
       number = {6},
          eid = {288},
        pages = {288},
          doi = {10.3847/1538-3881/ad434c},
archivePrefix = {arXiv},
       eprint = {2404.15172},
 primaryClass = {astro-ph.EP},
       adsurl = {https://ui.adsabs.harvard.edu/abs/2024AJ....167..288D},
      adsnote = {Provided by the SAO/NASA Astrophysics Data System}
}






