@article{xiao2003more,
  title={More efficient local polynomial estimation in nonparametric regression with autocorrelated errors},
  author={Xiao, Zhijie and Linton, Oliver B and Carroll, Raymond J and Mammen, Enno},
  journal={Journal of the American Statistical Association},
  volume={98},
  number={464},
  pages={980--992},
  year={2003},
  publisher={Taylor \& Francis}
}
@article{breiman2001random,
  title={Random forests},
  author={Breiman, Leo},
  journal={Machine learning},
  volume={45},
  number={1},
  pages={5--32},
  year={2001},
  publisher={Springer}
}
@article{cortez2009modeling,
  title={Modeling wine preferences by data mining from physicochemical properties},
  author={Cortez, Paulo and Cerdeira, Ant{\'o}nio and Almeida, Fernando and Matos, Telmo and Reis, Jos{\'e}},
  journal={Decision support systems},
  volume={47},
  number={4},
  pages={547--553},
  year={2009},
  publisher={Elsevier}
}
@book{gyorfi2002distribution,
  title={A distribution-free theory of nonparametric regression},
  author={Gy{\"o}rfi, L{\'a}szl{\'o} and Kohler, Michael and Krzy{\.z}ak, Adam and Walk, Harro},
  volume={1},
  year={2002},
  publisher={Springer}
}

@article{add,
  title={Stochastic continuum-armed bandits with additive models: {M}inimax regrets and adaptive algorithm},
  author={Cai, T. Tony and Pu, Hongming},
 journal={The Annals of Statistics}, 
  year = {2022},
  number = {to appear}}
@misc{CaiPuSup2,
  title={Supplement to ``Stochastic Continuum-armed Bandits with Additive Models: Minimax Regrets and Adaptive Algorithm"},
  author={T. Tony Cai and Hongming Pu},
  year={2021}
}
@article{tropp2012user,
  title={User-friendly tail bounds for sums of random matrices},
  author={Tropp, Joel A},
  journal={Foundations of Computational Mathematics},
  volume={12},
  number={4},
  pages={389--434},
  year={2012},
  publisher={Springer}
}

@article{pan2009survey,
  title={A survey on transfer learning},
  author={Pan, Sinno Jialin and Yang, Qiang},
  journal={IEEE Transactions on Knowledge and Data Engineering},
  volume={22},
  number={10},
  pages={1345--1359},
  year={2009},
  publisher={IEEE}
}

@article{weiss2016survey,
  title={A survey of transfer learning},
  author={Weiss, Karl and Khoshgoftaar, Taghi M and Wang, DingDing},
  journal={Journal of Big data},
  volume={3},
  number={1},
  pages={1--40},
  year={2016},
  publisher={SpringerOpen}
}

@article{zhuang2020comprehensive,
  title={A comprehensive survey on transfer learning},
  author={Zhuang, Fuzhen and Qi, Zhiyuan and Duan, Keyu and Xi, Dongbo and Zhu, Yongchun and Zhu, Hengshu and Xiong, Hui and He, Qing},
  journal={Proceedings of the IEEE},
  volume={109},
  number={1},
  pages={43--76},
  year={2020},
  publisher={IEEE}
}

@article{daume2009frustratingly,
  title={Frustratingly easy domain adaptation},
  author={Daum{\'e} III, Hal},
  journal={arXiv preprint arXiv:0907.1815},
  year={2009}
}

@inproceedings{tzeng2017adversarial,
  title={Adversarial discriminative domain adaptation},
  author={Tzeng, Eric and Hoffman, Judy and Saenko, Kate and Darrell, Trevor},
  booktitle={Proceedings of the IEEE Conference on Computer Vision and Pattern Recognition},
  pages={7167--7176},
  year={2017}
}

@article{apostolopoulos2020covid,
  title={Covid-19: automatic detection from x-ray images utilizing transfer learning with convolutional neural networks},
  author={Apostolopoulos, Ioannis D and Mpesiana, Tzani A},
  journal={Physical and Engineering Sciences in Medicine},
  volume={43},
  number={2},
  pages={635--640},
  year={2020},
  publisher={Springer}
}

@inproceedings{mei2014inferring,
  title={Inferring air pollution by sniffing social media},
  author={Mei, Shike and Li, Han and Fan, Jing and Zhu, Xiaojin and Dyer, Charles R},
  booktitle={2014 IEEE/ACM International Conference on Advances in Social Networks Analysis and Mining (ASONAM 2014)},
  pages={534--539},
  year={2014},
  organization={IEEE}
}


@inproceedings{wang2016nonparametric,
  title={Nonparametric Risk and Stability Analysis for Multi-Task Learning Problems.},
  author={Wang, Xuezhi and Oliva, Junier B and Schneider, Jeff G and P{\'o}czos, Barnab{\'a}s},
  booktitle={IJCAI},
  pages={2146--2152},
  year={2016}
}


@inproceedings{cao2010adaptive,
  title={Adaptive transfer learning},
  author={Cao, Bin and Pan, Sinno Jialin and Zhang, Yu and Yeung, Dit-Yan and Yang, Qiang},
  booktitle={proceedings of the AAAI Conference on Artificial Intelligence},
  volume={24},
  pages={407-412},
  year={2010}
}
@incollection{yeung2009learning,
  title={Learning Inverse Dynamics by Gaussian process Begrression under the Multi-Task Learning Framework},
  author={Yeung, Dit-Yan and Zhang, Yu},
  booktitle={The Path to Autonomous Robots},
  pages={1--12},
  year={2009},
  publisher={Springer}
}
@inproceedings{nguyen2008computed,
  title={Computed torque control with nonparametric regression models},
  author={Nguyen-Tuong, Duy and Seeger, Matthias and Peters, Jan},
  booktitle={Proc. American Control Conference},
  pages={212--217},
  year={2008},
  organization={IEEE}
}
@inproceedings{nguyen2008learning,
  title={Learning inverse dynamics: a comparison},
  author={Nguyen-Tuong, Duy and Peters, Jan and Seeger, Matthias and Sch{\"o}lkopf, Bernhard},
  booktitle={European Symposium on Artificial Neural Networks},
  number={CONF},
  year={2008}
}

@article{vijayakumar2002statistical,
  title={Statistical learning for humanoid robots},
  author={Vijayakumar, Sethu and D'souza, Aaron and Shibata, Tomohiro and Conradt, J{\"o}rg and Schaal, Stefan},
  journal={Autonomous Robots},
  volume={12},
  number={1},
  pages={55--69},
  year={2002},
  publisher={Springer}
}
@inproceedings{wang2014active,
  title={Active transfer learning under model shift},
  author={Wang, Xuezhi and Huang, Tzu-Kuo and Schneider, Jeff},
  booktitle={International Conference on Machine Learning},
  pages={1305--1313},
  year={2014},
  organization={PMLR}
}
@article{kalan2020minimax,
  title={Minimax lower bounds for transfer learning with linear and one-hidden layer neural networks},
  author={Kalan, Seyed Mohammadreza Mousavi and Fabian, Zalan and Avestimehr, A Salman and Soltanolkotabi, Mahdi},
  journal={arXiv preprint arXiv:2006.10581},
  year={2020}
}
@article{li2020transfer,
  title={Transfer learning for high-dimensional linear regression: Prediction, estimation, and minimax optimality},
  author={Li, Sai and Cai, T. Tony and Li, Hongzhe},
  journal={Journal of the Royal Statistical Society: Series B},
  year={2022},
  number = {to appear}}

@article{Li2021Transfer-GLM,
  title={Estimation and inference for high-dimensional generalized linear models with knowledge transfer},
  author={Li, Sai and Zhang, Linjun and Cai, T. Tony and Li, Hongzhe},
  journal={Technical Report},
  year={2021}}

@article{Li2020Transfer-GMM,
  title={Transfer learning in large-scale Gaussian graphical models with false discovery rate control},
  author={Li, Sai and Cai, T. Tony and Li, Hongzhe},
  journal={Journal of the American Statistical Association}, 
  year = {2022},
  number = {to appear}}

@article{huang2006correcting,
  title={Correcting sample selection bias by unlabeled data},
  author={Huang, Jiayuan and Gretton, Arthur and Borgwardt, Karsten and Sch{\"o}lkopf, Bernhard and Smola, Alex},
  journal={Advances in Neural Information Processing Systems},
  volume={19},
  pages={601--608},
  year={2006},
  publisher={Citeseer}
}

@inproceedings{wen2014robust,
  title={Robust learning under uncertain test distributions: Relating covariate shift to model misspecification},
  author={Wen, Junfeng and Yu, Chun-Nam and Greiner, Russell},
  booktitle={International Conference on Machine Learning},
  pages={631--639},
  year={2014},
  organization={PMLR}
}

@article{fan1993local,
  title={Local linear regression smoothers and their minimax efficiencies},
  author={Fan, Jianqing},
  journal={The Annals of Statistics},
  pages={196--216},
  year={1993},
  publisher={JSTOR}
}
@article{cleveland1988locally,
  title={Locally weighted regression: an approach to regression analysis by local fitting},
  author={Cleveland, William S and Devlin, Susan J},
  journal={Journal of the American Statistical Association},
  volume={83},
  number={403},
  pages={596--610},
  year={1988},
  publisher={Taylor \& Francis}
}
@article{cai1999adaptive,
  title={Adaptive wavelet estimation: a block thresholding and oracle inequality approach},
  author={Cai, T Tony},
  journal={The Annals of Statistics},
  pages={898--924},
  year={1999},
  publisher={JSTOR}
}
@article{donoho1998minimax,
  title={Minimax estimation via wavelet shrinkage},
  author={Donoho, David L and Johnstone, Iain M},
  journal={The Annals of Statistics},
  volume={26},
  number={3},
  pages={879--921},
  year={1998},
  publisher={Institute of Mathematical Statistics}
}
@article{stone1977consistent,
  title={Consistent nonparametric regression},
  author={Stone, Charles J},
  journal={The Annals of Statistics},
  volume={5},
  pages={595--620},
  year={1977},
  publisher={JSTOR}
}

@book{fan2018local,
  title={Local polynomial modeling and its applications: monographs on statistics and applied probability 66},
  author={Fan, Jianqing and Gijbels, Irene},
  year={2018},
  publisher={Routledge}
}
@article{fan1992variable,
  title={Variable bandwidth and local linear regression smoothers},
  author={Fan, Jianqing and Gijbels, Irene},
  journal={The Annals of Statistics},
  volume={20},
  pages={2008--2036},
  year={1992},
  publisher={JSTOR}
}
@article{tsybakov1986robust,
  title={Robust reconstruction of functions by the local-approximation method},
  author={Tsybakov, Aleksandr Borisovich},
  journal={Problemy Peredachi Informatsii},
  volume={22},
  number={2},
  pages={69--84},
  year={1986},
  publisher={Russian Academy of Sciences, Branch of Informatics, Computer Equipment and~â€¦}
}
@article{cleveland1979robust,
  title={Robust locally weighted regression and smoothing scatterplots},
  author={Cleveland, William S},
  journal={Journal of the American Statistical Association},
  volume={74},
  number={368},
  pages={829--836},
  year={1979},
  publisher={Taylor \& Francis}
}
@article{ben2007analysis,
  title={Analysis of representations for domain adaptation},
  author={Ben-David, Shai and Blitzer, John and Crammer, Koby and Pereira, Fernando and others},
  journal={Advances in Neural Information Processing Systems},
  volume={19},
  pages={137},
  year={2007},
  publisher={MIT; 1998}
}

@inproceedings{blitzer2008learning,
  title={Learning bounds for domain adaptation},
  author={Blitzer, John and Crammer, Koby and Kulesza, Alex and Pereira, Fernando and Wortman, Jennifer},
  booktitle={Proc. Conf. Empirical Methods in Natural Language},
  pages={120-128},  
  year={2008}
}
@article{mansour2009domain,
  title={Domain adaptation: Learning bounds and algorithms},
  author={Mansour, Yishay and Mohri, Mehryar and Rostamizadeh, Afshin},
  journal={arXiv preprint arXiv:0902.3430},
  year={2009}
}
@article{shimodaira2000improving,
  title={Improving predictive inference under covariate shift by weighting the log-likelihood function},
  author={Shimodaira, Hidetoshi},
  journal={Journal of Statistical Planning and Inference},
  volume={90},
  number={2},
  pages={227--244},
  year={2000},
  publisher={Elsevier}
}

@inproceedings{sugiyama2007direct,
  title={Direct importance estimation with model selection and its application to covariate shift adaptation.},
  author={Sugiyama, Masashi and Nakajima, Shinichi and Kashima, Hisashi and Von Buenau, Paul and Kawanabe, Motoaki},
  booktitle={NIPS},
  volume={7},
  pages={1433--1440},
  year={2007},
  organization={Citeseer}
}
@article{cai2021transfer,
  title={Transfer learning for nonparametric classification: Minimax rate and adaptive classifier},
  author={Cai, T Tony and Wei, Hongji},
  journal={The Annals of Statistics},
  volume={49},
  number={1},
  pages={100-128},
  year={2021},
  publisher={Institute of Mathematical Statistics}
}

@article{reeve2021adaptive,
      title={Adaptive transfer learning}, 
      author={Henry W. J. Reeve and Timothy I. Cannings and Richard J. Samworth},
 journal={The Annals of Statistics},
  volume={49},
  number={6},
  pages={3618-3649},
  year={2021},
  publisher={Institute of Mathematical Statistics}
}


@misc{CaiPu,
  title={Supplement to ``{T}ransfer learning for nonparametric regression: {N}on-asymptotic minimax rate and adaptive procedure"},
  author={T. Tony Cai and Hongming Pu},
  year={2022}
}